3158 4814
48 1793 64 1936 ξ
83 1769 241 1975 libid

825 249 844 315 8

271 420 341 484 sola
367 421 445 488 satis
468 429 516 488 est
538 419 642 486 militi.
679 421 749 488 Nec
777 421 883 487 minus
904 421 1123 488 necessariam
1146 421 1237 488 illam
1259 421 1396 507 diligen-

270 539 366 621 tiam,
396 540 617 608 necessarium
646 539 730 606 illud
756 541 997 625 perspicuitatis
1024 540 1165 609 studium
1194 542 1396 611 animadver-

271 661 351 727 teris
380 661 414 725 in
436 659 641 727 Phormionis
668 660 771 727 literis
794 681 838 727 cx
860 661 973 728 ordine
995 661 1202 746 alphabetico
1226 661 1362 746 scriptis.
1372 663 1397 748 ⁵)

334 779 430 858 :Qua
458 787 566 846 autem
594 780 787 847 difficultate
815 781 1003 866 posterioris
1031 783 1148 848 aetatis
1169 781 1322 849 librarius
1343 803 1398 850 ve·

270 906 369 966 xatus
391 907 440 966 001
463 908 495 966 01
516 900 675 981 turbatus,
699 921 738 968 ea
752 901 1168 969 Bembiniauctorleviter
1182 902 1396 985 supersedere

270 1039 331 1087 nec
362 1018 475 1086 debuit
504 1040 565 1086 nco
595 1041 693 1087 ausus
721 1028 785 1105 cst3
818 1021 931 1104 itaque
958 1043 1030 1088 meo
1059 1022 1129 1090 iure
1152 1041 1195 1090 ex
1216 1022 1397 1089 Victoriani

270 1138 358 1205 notis
380 1138 518 1206 similem
539 1139 690 1216 Bembini
711 1141 880 1208 literarum
903 1141 1060 1226 originem
1082 1142 1212 1226 0011130.

356 1257 482 1336 Quibus
516 1259 557 1325 de
592 1266 743 1326 notarum
776 1261 902 1346 0013100
935 1284 1001 1330 non
1033 1263 1104 1330 sine
1137 1262 1206 1330 veri
1240 1272 1275 1331 ut
1303 1283 1397 1349 spero

270 1377 380 1461 000010
404 1377 502 1444 dictis
525 1378 591 1443 iam
613 1378 750 1445 adeam
774 1388 901 1465 partem
922 1382 1077 1463 transibo,
1101 1403 1166 1466 qua
1179 1383 1330 1450 Bembini
1345 1406 1399 1451 no·

270 1505 321 1563 tas
349 1500 479 1564 omnino
512 1518 577 1563 non
594 1492 676 1565 'esse
712 1509 880 1585 corruptas
910 1501 1170 1587 depravatasque
1197 1503 1398 1588 gravissimis

271 1617 425 1683 evincens
446 1619 647 1702 argumentis
669 1619 825 1688 Steffenio
848 1623 1034 1689 subtraham
1055 1623 1317 1692 fundamentum:

356 1737 433 1802 Tria
460 1745 533 1804 sunt
561 1740 594 1804 in
624 1739 710 1806 notis
737 1741 857 1807 nostris
878 1763 990 1809 eorum
1011 1743 1067 1827 qui
1088 1745 1201 1828 legunt
1223 1747 1336 1812 oeulos
1355 1745 1400 1810 ad

247 1875 345 1922 ι0000
375 1858 613 1924 convertentia:
653 1859 723 1925 Viri
750 1863 941 1946 plerumque
969 1868 1005 1928 A
1011 1869 1109 1926 ΒΓΔ
1116 1870 1154 1946 ᾖ
1167 1865 1271 1932 1110010
1300 1866 1399 1950 signi-

270 1974 418 2059 ficantur,
442 1976 583 2044 feminae
607 1997 734 2062 semper
755 1979 825 2047 1000
841 1987 871 2042 Ε
884 1989 916 2049 01
932 1986 971 2067 Θ,
995 1991 1104 2067 partes
1127 1985 1269 2070 denique
1284 2005 1399 2052 secun·
1439 2031 1449 2083 i

271 2093 397 2188 dariae·
418 2095 542 2162 ultimis
577 2098 744 2182 alphabeti
776 2101 880 2168 literis
909 2105 939 2165 Φ
966 2109 998 2168 01
1024 2109 1077 2198 {a
1110 2103 1200 2182 Quas
1232 2047 1458 2206 literarumfb‘s

270 2213 488 2297 proprietates
517 2217 693 2286 Steffcnius
720 2219 799 2285 mihi
827 2221 958 2305 quidem
985 2224 1160 2292 admodum
1188 2226 1316 2293 videtur
1342 2248 1399 2293 ne-

268 2333 420 2415 glexisse.
458 2337 592 2403 Etenim
621 2339 677 2422 qui
704 2341 810 2423 potuit
842 2348 951 2410 tantas
979 2345 1200 2430 corruptiones
1228 2353 1399 2432 tantasque

270 2450 524 2535 depravationes
541 2457 699 2526 Bembino
714 2460 884 2547 imputare,
909 2485 981 2530 cum
996 2466 1141 2550 aliquam
1157 2468 1400 2553 dispositionem

268 2568 302 2633 in
329 2570 415 2638 notis
441 2573 548 2641 inesse
577 2575 617 2642 sit
644 2576 678 2641 in
702 2581 897 2663 propatulo?
933 2583 1067 2668 Nonne,
1091 2585 1118 2650 si
1140 2585 1201 2652 hoc
1225 2589 1395 2655 consilium

269 2687 478 2754 constitutum
509 2691 630 2776 ubique
664 2693 734 2763 fere
763 2698 969 2785 observatur,
1003 2709 1052 2770 tot
1079 2725 1222 2771 errorum
1249 2706 1400 2776 librarios

270 2826 428 2875 accusare
450 2809 546 2877 nefas
568 2813 640 2879 est?

353 2927 397 2993 At
423 2929 473 2996 his
504 2934 762 3016 proprietatibus
790 2940 890 3007 multo
918 2942 1075 3011 maiorem
1097 2964 1195 3028 quam
1221 2948 1329 3015 adhuc
1351 2951 1399 3016 fa-

270 3051 357 3110 ctum
387 3054 436 3115 est
461 3049 526 3115 vim
547 3053 690 3121 tribuere
714 3056 885 3146 debemus,
910 3064 1079 3148 exiitque
1101 3065 1240 3150 profecti
1262 3069 1399 3137 fortasse

269 3163 369 3230 aliam
391 3187 521 3253 quoque
541 3179 690 3240 notarum
711 3177 902 3263 detegemus
917 3182 1076 3250 rationem
1098 3205 1182 3271 quae
1197 3177 1399 3260 validissimo

270 3283 428 3353 adversus
462 3289 614 3359 Steffenii
653 3298 896 3368 emendationes
929 3302 1179 3373 violentissimas
1212 3309 1274 3376 erit
1305 3331 1398 3395 prae·

269 3401 363 3470 sidio.
401 3405 441 3470 ld
470 3419 557 3480 certe
585 3413 627 3481 110
654 3415 799 3486 dilucide
824 3419 1076 3510 demonstratur,
1100 3434 1192 3494 notas
1214 3450 1278 3494 non
1301 3433 1398 3498 collo-

271 3529 362 3589 catas
399 3547 469 3593 esse
506 3533 559 3597 vel
595 3533 777 3622 descriptas
803 3561 833 3618 'a
863 3543 1007 3611 librariis
1035 3546 1105 3613 sine
1135 3548 1220 3614 omni
1251 3551 1398 3620 consilio.

273 3641 345 3720 Quo
366 3653 473 3713 autem
494 3649 565 3716 iure
580 3650 767 3743 Steffenius‚
791 3661 904 3744 utpote
919 3666 975 3748 qui
990 3665 1138 3732 ordinem
1153 3674 1302 3737 notarum
1316 3674 1399 3740 nolit

270 3781 417 3849 servare,
445 3751 507 3834 has
532 3771 748 3856 proprietates
776 3779 821 3844 ad
843 3799 936 3848 suam
957 3785 1152 3852 sententiam
1175 3790 1398 3860 sustinendam

270 3881 332 3947 sibi
357 3885 519 3973 vindicet,
544 3910 604 3975 030
628 3894 758 3978 quidem
780 3921 846 3967 non
868 3901 1034 3988 intellego.

277 4003 482 4022 ᾖ

354 4055 377 4124 ⁵)
401 4055 506 4114 Cratini
528 4062 567 4115 M
584 4064 691 4134 quippe
715 4083 786 4138 quae
809 4087 871 4126 cum
894 4089 977 4143 supra
1000 4092 1112 4133 scenam
1134 4085 1195 4134 tum
1216 4081 1300 4134 -id
1324 4083 1398 4152 quod

270 4154 416 4212 admodum
435 4161 556 4219 notabile
576 4180 638 4223 0000
657 4168 764 4225 dico-
781 4173 810 4226 in
828 4174 890 4244 ipsa
907 4193 990 4234 scena
1007 4179 1051 4236 bis
1069 4181 1098 4234 in
1116 4197 1211 4237 rasura
1229 4189 1332 4251 exstet,
1348 4201 1399 4256 pro

270 4255 352 4312 litera
370 4260 424 4316 alia
442 4261 515 4320 inter
532 4268 566 4320 Η
581 4274 610 4323 01
627 4270 666 4324 Μ
678 4282 812 4331 versante
830 4274 914 4334 credo
931 4279 1055 4351 irrepsit.
