3158 4814
767 281 806 346 11

223 451 310 516 inira
343 451 457 536 paucis
482 433 651 536 ‘possimus
678 454 861 521 absolvere.
905 452 1037 521 Dixerit
1068 454 1153 522 enim
1176 455 1352 540 quispiam:

223 570 311 649 Quid
332 578 408 637 1000
430 570 487 638 fiet
512 571 578 638 illis
600 571 750 639 Bembini
779 572 883 640 literis
910 573 1086 640 admodum
1108 575 1245 644 turbatis
1268 577 1355 642 omni

224 691 337 760 ordine
366 692 519 776 omnique
549 692 768 760 concinnitate
797 693 1003 778 carentibus,
1037 694 1066 761 si
1093 715 1158 762 non
1184 697 1250 762 iam
1278 697 1356 762 licet

223 811 370 879 mutare?
391 811 461 877 Neo
483 811 561 896 0010,
584 832 627 878 00
649 812 724 897 0010
746 819 841 879 notas
857 812 1041 879 Trinummi
1063 821 1098 880 ut
1121 833 1206 896 qnae
1229 835 1352 885 summo

223 938 400 998 concentus
422 931 596 1014 splendore
611 932 758 1000 eniteant
773 932 921 1000 obiciens
938 934 1079 1002 eundem
1094 935 1241 1003 ordinem
1255 955 1356 1003 causa

222 1072 321 1135 quarn
353 1051 449 1118 modo
472 1052 567 1137 posui
592 1053 746 1137 neglecta
773 1051 808 1118 in
835 1053 893 1121 illo
924 1074 1054 1138 000000
1087 1055 1200 1124 oodioe
1228 1054 1355 1124 restitui

221 1173 344 1239 iubeat.
369 1171 435 1239 Sed
449 1172 611 1258 quidquid
623 1181 736 1242 contra
748 1172 882 1258 dicetur,
899 1175 999 1241 multo
1011 1174 1235 1259 manufestior,
1248 1195 1353 1261 spero,

223 1291 343 1359 evadet
364 1299 514 1360 notarum
536 1293 716 1378 integritas,
740 1300 913 1378 postquam
934 1295 1071 1364 alteram
1093 1295 1265 1378 rationem,
1289 1315 1355 1379 000

221 1418 317 1480 00100
331 1413 480 1479 Bembini
503 1433 575 1482 esse
596 1415 776 1482 collocatas
799 1421 895 1482 extra
911 1435 1039 1482 omnem
1054 1420 1105 1481 est
1119 1412 1355 1482 dubitationem

221 1552 348 1616 quaeve
381 1540 415 1601 et
440 1533 633 1600 Steffenium
662 1541 694 1600 et
716 1533 956 1602 Dniatnkonem
978 1541 1012 1602 01
1029 1535 1235 1621 -Wagnerum
1260 1533 1353 1618 fugit,

222 1651 498 1720 demonstravero.

308 1773 404 1841 Ratio
427 1775 527 1859 igitur
549 1794 634 1859 qnae
657 1774 765 1841 animo
787 1795 860 1841 meo
884 1775 1086 1858 obversatur,
1108 1773 1190 1840 baec
1213 1780 1276 1842 est:

305 1895 522 1961 Personarum
554 1893 780 1978 primariarum
813 1892 919 1978 prima
954 1913 1039 1977 quae
1073 1892 1143 1978 agit
1174 1892 1209 1958 in
1243 1891 1355 1976 aliqua

222 2035 322 2084 scena
343 2021 421 2082 0010
434 2020 480 2100 A,
503 2016 608 2082 altera
629 2021 669 2098 B,
693 2015 791 2083 tertia
813 2019 842 2078 Γ
865 2021 956 2098 (010.
973 2012 1036 2099 sq.)
1054 2014 1236 2082 denotatur.
1267 2011 1354 2090 Qua·

221 2156 291 2202 rum
319 2135 348 2202 si
371 2155 455 2219 quae
478 2136 593 2218 abeat,
619 2155 679 2219 pro
707 2156 747 2203 ea
768 2141 878 2203 autem
900 2155 988 2202 nova
1011 2133 1165 2217 accedat,
1192 2133 1273 2200 haeo
1296 2151 1353 2200 ex·

222 2256 326 2340 ceptis
359 2264 392 2324 et
414 2256 605 2323 mulieribus
628 2263 661 2322 01
682 2256 831 2340 personis
854 2254 1059 2323 secundariis
1082 2261 1115 2320 01
1137 2253 1193 2335 110,
1217 2272 1353 2337 quarum

220 2377 318 2444 litera
346 2375 536 2461 frequenter
557 2376 697 2459 repetita
719 2376 825 2442 haesit
847 2375 882 2440 in
903 2375 1031 2442 librarii
1053 2375 1172 2457 animo,
1197 2379 1254 2438 aut
1276 2377 1355 2438 nota

222 2496 373 2564 abeuntis
405 2496 526 2562 actoris
565 2501 622 2562 001
658 2495 756 2562 litera
789 2494 956 2579 alphabeti
991 2494 1060 2561 sive
1094 2499 1251 2576 sequente
1285 2489 1355 2558 sire

221 2624 401 2701 praeeunte
423 2616 581 2701 signatur.

311 2735 407 2814 Quod
430 2755 528 2820 quam
550 2755 627 2803 vere
652 2733 792 2801 dixerim
812 2741 848 2800 01
870 2740 1100 2818 cognoscatur,
1127 2729 1277 2798 Bembini
1298 2750 1354 2796 00-
1446 2786 1449 2792 ,

222 2861 274 2922 100
302 2853 493 2940 singillatim
520 2853 719 2938 perlustrare
742 2854 1002 2937 explorareque,
1025 2856 1183 2934 qnantum
1204 2869 1354 2933 quaeque

223 2974 336 3041 fabula
352 2976 469 3060 regula
484 2981 598 3042 nostra
611 2981 773 3059 teneatur,
790 2974 871 3041 utile
890 2993 961 3040 esse
972 2979 1067 3057 001ος
1081 2970 1224 3054 ideoque
1236 2971 1355 3037 omissa

222 3093 364 3178 Andria,
399 3093 491 3159 ouius
525 3065 670 3160 murima
703 3114 779 3179 pars
812 3094 845 3159 in
881 3092 1039 3161 Bembino
1072 3089 1205 3175 perdita
1237 3091 1278 3156 sit
1311 3089 1353 3155 ab

222 3212 379 3278 Eunucho
403 3213 530 3297 capiam
553 3213 691 3280 initium.

263 3331 289 3414 Ι,
310 3333 337 3397 1.
355 3336 391 3396 A
412 3332 577 3400 Phaedria
613 3333 815 3401 BParmeno

307 3453 336 3517 a.
358 3456 394 3516 A
484 3499 503 3536 ‚‚
611 3457 642 3514 0
718 3497 737 3535 ,,
825 3423 1004 3535 ninam)

245 3573 287 3656 Π)
306 3573 334 3638 l·
356 3575 393 3636 A
483 3617 503 3653 rr
610 3575 642 3634 Β
719 3619 739 3654 rr

301 3693 330 3758 2.
353 3696 389 3755 A
411 3688 541 3758 Gnatho
606 3695 637 3754 Β
714 3737 732 3774 ,,

306 3813 337 3878 3.
360 3816 396 3876 A
419 3810 565 3878 Chaerea
614 3816 645 3873 B
722 3859 741 3895 „

220 3931 283 4018 ΠΙ,
311 3932 339 3996 1.
362 3936 398 3994 A
421 3929 550 3999 Gnatho
615 3936 647 3993 Β
723 3979 742 4014 ,,
829 3929 1005 3994 ΓΤ10000

308 4051 336 4116 2.
360 4056 396 4116 A
475 4101 494 4135 „
614 4056 646 4112 Β
726 4100 744 4135 ,,
831 4051 861 4112 Γ
914 4099 933 4134 „
1006 4046 1149 4114 EThais
1174 4050 1204 4110 Ζ
1215 4044 1351 4131 Pythias
1425 4111 1468 4143 ,Ι

290 4204 313 4274 ⁷)
331 4205 391 4261 Hae
408 4205 437 4260 in
455 4218 538 4260 soona
555 4205 653 4260 literas
671 4211 700 4256 A
713 4211 743 4262 et
755 4211 779 4256 Β
798 4219 853 4259 000
866 4208 889 4253 Γ
899 4202 1039 4273 sequitur,
1058 4199 1109 4257 sed
1122 4205 1156 4271 Β,
1175 4198 1241 4269 0010
1252 4198 1352 4254 mulier

223 4308 406 4376 progreditur.
