3158 4814
259 1106 450 1173 Sermonum
474 1105 659 1173 distributio
682 1125 755 1171 cum
777 1107 811 1171 in
833 1106 1052 1191 plurimorum,
1077 1109 1132 1194 qui
1153 1107 1300 1202 dialogos

163 1205 430 1312 composuerunt,
453 1229 647 1312 scriptorum
662 1228 831 1295 codicibus
845 1229 892 1296 ita
908 1229 1120 1314 significetur,
1137 1238 1299 1299 uteorum

171 1348 227 1432 qni
242 1349 341 1416 verba
357 1325 482 1416 faciunt
496 1350 612 1417 literae
627 1350 771 1440 initiales
786 1351 1067 1436 praescribantur,
1085 1353 1183 1436 longe
1201 1352 1300 1417 aliam

170 1471 204 1535 in
226 1470 370 1538 Terentii
393 1471 551 1538 Bembino
582 1478 614 1538 et
636 1472 825 1540 Victoriano
854 1492 914 1538 nec
946 1493 1011 1538 non
1034 1472 1068 1538 in
1092 1471 1216 1538 codicis
1238 1471 1300 1539 Ve-

167 1592 247 1686 teris
280 1591 425 1658 Plautini
452 1592 639 1658 Trinummo
674 1593 856 1659 invenimus
889 1592 1094 1658 observatam
1127 1592 1294 1658 rationem.

167 1712 228 1778 His
250 1713 335 1779 enim
358 1711 392 1777 in
413 1711 507 1778 libris
528 1711 644 1778 literae
667 1731 807 1796 graecae
829 1711 1018 1794 plerumque
1042 1731 1085 1777 ex
1106 1709 1225 1775 ordine
1252 1711 1300 1775 al·

167 1831 341 1915 pbabetico
364 1831 491 1914 positae
519 1830 666 1913 personis
689 1829 724 1895 in
747 1849 939 1897 scaenarum
961 1829 1065 1895 initiis
1085 1827 1300 1912 praescriptis

170 1935 347 2015 adiunctae
370 1956 455 2032 sunt,
479 1949 597 2032 quibus
620 1948 776 2033 deinceps
791 1970 850 2033 per
865 1950 953 2033 ipsas
968 1968 1083 2016 scenas
1098 1947 1300 2032 distinguun-

173 2075 233 2134 tur.
268 2069 334 2134 Diu
356 2069 418 2134 viri
442 2068 621 2137 doctissimi
643 2071 676 2136 in
700 2092 748 2154 ea,
773 2089 857 2152 quae
880 2090 905 2160 a·
915 2069 1025 2154 priori,
1049 2074 1085 2133 ut
1107 2067 1207 2152 aiunt,
1231 2068 1300 2132 ani-

166 2207 236 2254 mos
259 2195 408 2271 occupat,
432 2189 750 2276 sententia,¹positas
774 2208 830 2256 eas
852 2209 924 2256 esse
946 2196 1042 2256 notas
1064 2208 1122 2271 pro
1138 2208 1292 2272 persona-

168 2329 239 2373 rum
261 2308 366 2376 literis
388 2309 585 2393 initialibus,
609 2308 878 2394 acquiescebant,
901 2327 1006 2392 neque
1029 2308 1201 2392 quisquam
1216 2309 1293 2373 mai-

168 2429 238 2495 iora
261 2450 303 2495 ex
325 2430 391 2496 illis
414 2429 592 2496 conabatur
615 2429 743 2497 elicere.

250 2548 436 2615 Novissima
459 2547 588 2615 demum
610 2555 719 2615 aetate
743 2548 823 2631 quid
844 2546 1099 2633 significaretur,
1123 2547 1227 2612 altera
1249 2546 1297 2609 in-

165 2667 268 2733 valuit
290 2667 400 2750 opinio
424 2688 509 2752 qnae
531 2667 671 2751 priorem
692 2668 783 2736 illam
799 2669 928 2736 nemine
943 2667 1051 2733 adbuc
1067 2666 1217 2732 oblocuto
1233 2686 1297 2731 non

164 2784 260 2851 modo
283 2786 465 2854 infirmasse
488 2785 546 2853 sed
569 2787 667 2853 etiam
687 2808 820 2872 prorsus
841 2788 973 2855 videtur
990 2786 1191 2871 profligasse.
1226 2786 1297 2851 Fri·

166 2904 276 2973 derico
306 2907 392 2973 enim
419 2906 615 2992 Ritscbelio,
646 2927 719 2972 cum
741 2909 963 2974 Trinummum
992 2906 1108 2972 iterum
1137 2904 1251 2972 ederet
1261 2903 1296 2990 ¹),

165 3047 239 3093 oum
268 3027 309 3093 dc
337 3027 434 3093 huius
456 3027 647 3095 comoediae
678 3035 747 3094 tum
777 3028 818 3095 dc
839 3028 990 3095 Bembini
1012 3026 1097 3112 notis
1118 3024 1202 3092 haec
1224 3025 1294 3107 pla-

165 3153 317 3213 cuerunt:
358 3147 566 3232 ,Praeterea
597 3147 638 3215 de
667 3148 786 3232 quibus
808 3147 993 3232 expositum
1016 3152 1074 3230 est,
1099 3144 1164 3210 dno
1186 3144 1295 3228 singu·

165 3265 269 3349 „laria
291 3272 322 3328 Β
346 3266 465 3351 (codex
479 3266 596 3354 Vetus)
619 3268 719 3335 babet
741 3269 868 3351 sibique
890 3267 1032 3352 propria.
1067 3266 1208 3330 Primum
1223 3265 1294 3351 boc,

164 3385 276 3470 „quod
304 3403 514 3469 personarum
543 3389 667 3455 notatio
695 3410 761 3455 non
789 3389 825 3454 fit
853 3390 997 3472 ipsorum
1024 3386 1188 3452 nominum
1210 3385 1296 3451 binis

164 3507 327 3589 „temisve
351 3507 455 3574 literis
475 3507 667 3594 initialibus,
690 3509 781 3575 utin
804 3507 922 3575 ceteris
945 3506 1112 3572 codicibus
1128 3526 1189 3573 usn
1204 3506 1295 3573 venit

164 3627 260 3709 „(per
287 3628 371 3695 alias
399 3627 530 3694 fabulas
561 3627 659 3694 etiam
686 3628 720 3692 in
757 3626 795 3713 0)
825 3626 884 3694 sed
911 3625 1130 3710 singularibus
1157 3625 1294 3710 graecis.

163 3745 265 3830 „Eius
287 3746 427 3815 instituti
450 3769 524 3815 cum
545 3749 641 3817 modo
665 3750 761 3833 plura
783 3745 880 3813 modo
902 3745 1059 3833 pauciora
1073 3745 1214 3828 vestigia
1228 3763 1294 3809 ser·

163 3864 335 3951 „vaverint
356 3867 471 3951 Poen,
496 3869 554 3953 Ps,
578 3870 677 3954 Truc,
700 3867 825 3953 Bacch,
847 3877 915 3933 tum
938 3886 996 3950 per
1018 3865 1123 3948 ipsam
1145 3861 1293 3928 Trinum-

162 4008 270 4071 „mnm
298 4006 489 4071 graecarum
517 3990 700 4057 litterarum
728 4009 805 4056 usus
836 3994 988 4054 constans
1011 3992 1074 4052 est:
1112 3984 1210 4066 idque
1235 3983 1292 4066 ita,

164 4112 219 4188 „ut
242 4113 274 4174 et
295 4105 516 4191 Megaronidis
547 4116 580 4176 et
601 4107 762 4175 Philtonis
786 4107 841 4193 (11,
865 4104 899 4190 2)
922 4111 1000 4171 nota
1023 4126 1045 4166 a
1068 4102 1119 4187 sit,
1143 4100 1226 4167 Call.
1249 4107 1290 4186 B,

165 4222 366 4236 ψ

251 4274 270 4343 ¹)
288 4275 467 4332 Trinummus
487 4277 531 4333 ed.
549 4277 725 4333 Ritschelius
743 4277 787 4332 od.
805 4275 843 4330 ΙΙ.
861 4273 949 4344 prael.
967 4291 995 4344 p.
1014 4274 1064 4330 LV
1083 4289 1125 4342 sq.

1134 4363 1148 4414 1
