3158 4814
855 237 877 302 4

302 413 428 504 statum
443 405 650 490 ¹primumque
680 426 791 489 „snam
813 407 909 474 unius
932 406 1088 492 cuiusque
1110 415 1222 474 notam
1246 430 1306 493 per
1327 397 1428 477 totam

301 525 445 592 fabulam
482 525 663 609 antiquitus
699 524 893 609 pertinuisse
901 527 919 562 “
954 526 1138 595 contendat.
1193 514 1324 597 Deinde
1357 551 1428 597 cum

301 652 456 712 accurata
484 633 634 712 notarum
662 646 935 730 contemplatione
963 655 1031 714 tum
1053 648 1127 714 aliis
1148 650 1351 733 argumentis
1372 671 1428 718 ex·

300 764 477 832 strinsecus
498 764 651 844 adductis
673 765 806 833 effertur
825 765 868 832 ad
891 786 1050 833 summum
1073 767 1309 852 disquisitionis
1333 791 1428 836 cacu-

300 905 374 951 men
402 863 463 951 nce
490 885 556 950 iam
584 905 663 970 „eas
686 885 799 952 literas
821 885 1056 953 adnumerum
1078 894 1222 954 actorum
1244 888 1277 954 in
1301 893 1426 956 certum

300 1003 463 1088 quendam
486 1005 616 1071 modum
637 1004 851 1090 redigendum
865 1011 898 1073 et
912 1005 1083 1073 redactum
1098 1008 1281 1091 pertincrc“
1298 1008 1427 1077 dubitat

300 1123 471 1191 affirmare.
509 1124 580 1202 Quo
608 1125 714 1208 posito
736 1125 944 1193 necessariae
969 1126 1014 1191 ad
1036 1126 1184 1194 ordinem
1207 1127 1243 1192 in
1267 1129 1354 1196 notis
1375 1150 1425 1196 re·

299 1243 498 1312 stitnendnm
525 1265 588 1312 nec
615 1244 762 1330 profecto
786 1245 928 1329 exiguae
950 1247 1196 1314 emendationes
1218 1247 1425 1333 adhibentur,

196 1351 197 1355 ¹
298 1383 405 1447 neque
427 1364 474 1430 ita
496 1367 597 1431 multo
619 1372 693 1448 post
715 1385 874 1448 personae
890 1367 1109 1435 Terentianae
1124 1367 1267 1434 mirabili
1282 1370 1427 1437 candent

297 1490 447 1550 notarum
470 1485 714 1569 aequabilitate,
738 1504 890 1552 numerus
905 1492 1051 1552 actorum
1065 1487 1173 1554 adhuc
1188 1488 1361 1573 ambiguus
1378 1498 1428 1557 est

299 1605 447 1672 detectus
463 1605 729 1690 constitutosque,
745 1624 955 1688 personarum
971 1606 1153 1674 distributio
1169 1607 1324 1691 perfecta.
1357 1608 1426 1675 Sed

299 1725 340 1792 de
362 1725 527 1793 mutandis
554 1724 624 1791 istis
646 1725 795 1792 Bembini
821 1725 907 1791 notis
928 1747 1004 1792 num
1029 1735 1117 1795 recte
1140 1728 1353 1796 ratiocinatus
1377 1737 1427 1797 est

297 1845 494 1913 Steffenins‘?
536 1846 684 1911 Licuitne
718 1845 750 1911 ci
781 1865 825 1911 ex
858 1843 1025 1931 undecim,
1065 1848 1099 1912 ni
1130 1847 1242 1931 fallor,
1277 1850 1427 1934 personis

297 1986 402 2050 aeque
435 1966 571 2049 signatis
603 1965 690 2032 idem
725 1985 841 2049 cogere
876 1964 917 2032 de
949 1967 1148 2050 reliquarum
1181 1989 1317 2036 numero
1352 1981 1424 2053 per·

297 2086 438 2169 magno?
465 2085 611 2163 Quantas
626 2091 775 2151 notarum
791 2086 1013 2170 corruptiones
1028 2085 1166 2170 imputat
1180 2087 1241 2155 iste
1255 2089 1426 2172 Bembino,

298 2207 390 2272 cuins
412 2205 447 2271 in
461 2205 571 2274 verbis
585 2206 818 2290 praestantiam
835 2206 988 2274 eximiam
1007 2206 1159 2273 admirati
1173 2227 1282 2273 sumus
1298 2207 1423 2275 adhuc!

297 2300 421 2410 Neque
435 2334 544 2393 tamen
569 2334 702 2394 cunctas
724 2325 934 2393 difficultates
948 2327 1068 2393 rationi
1082 2348 1188 2394 novae
1204 2327 1349 2395 obiectas
1363 2327 1428 2395 hoc

296 2447 392 2513 modo
414 2446 520 2531 potnit
535 2449 668 2532 tollere;
691 2449 782 2514 velut
797 2447 831 2511 in
845 2447 1003 2514 Eunucho
1019 2447 1202 2514 Phaedriae
1217 2453 1326 2530 partes
1340 2447 1429 2515 inter

297 2566 378 2634 dnos
412 2567 559 2635 dividere
593 2576 642 2635 est
676 2575 808 2634 coactus
835 2574 971 2634 actores.
1015 2567 1085 2633 Iam
1112 2567 1208 2635 credo
1231 2567 1345 2650 vides,
1369 2569 1426 2633 nbi

295 2689 397 2753 lateat
425 2687 513 2753 illius
541 2687 832 2770 argumentationis
860 2686 1041 2752 infirmitas.
1080 2687 1146 2754 Sed
1166 2707 1253 2754 nunc
1275 2688 1357 2754 haec
1383 2686 1427 2754 dc

295 2805 451 2874 Steffenic
474 2807 553 2874 satis
574 2807 652 2874 sint:
682 2807 716 2871 in
738 2807 807 2872 solo
830 2805 922 2872 molli
944 2815 1041 2889 atquc
1066 2809 1171 2872 soluto
1196 2826 1279 2890 eum,
1303 2828 1368 2873 non
1391 2807 1424 2872 in

294 2947 376 3010 rupe
410 2926 492 2993 dura
519 2947 580 2994 nec
614 2913 791 2994 evertenda
824 2925 941 2992 iecisse
969 2925 1169 3009 quaestionis
1201 2947 1279 2994 enac
1307 2926 1425 2993 funda-

294 3053 405 3114 menta
425 3045 512 3113 infra
534 3048 665 3131 planius
688 3065 875 3129 cognosces.

379 3167 453 3232 Tali
487 3166 527 3234 de
560 3166 693 3234 arbitrio
727 3166 760 3231 in
793 3166 878 3232 notis
911 3164 1099 3232 adhibendo
1135 3173 1167 3232 et
1199 3165 1359 3233 Dniatzko
1393 3170 1426 3232 ct

294 3286 478 3368 Wagnerns
501 3287 686 3370 discrepant
708 3285 901 3354 aSteffenio
924 3286 1134 3370 maximeque
1158 3285 1238 3352 dant
1261 3286 1293 3353 ei
1309 3304 1426 3369 oppro-

293 3408 380 3492 brio,
408 3409 497 3491 quod
525 3407 728 3476 difficultatis
758 3428 855 3492 quam
877 3407 973 3476 modo
998 3427 1041 3475 ex
1063 3407 1219 3474 Eunucho
1242 3404 1337 3471 attuli
1358 3423 1425 3468 non

294 3529 373 3595 satis
406 3529 558 3596 habuerit
584 3529 752 3597 rationem.
796 3529 868 3595 Hoc
896 3528 982 3596 enim
1009 3548 1050 3593 ex
1073 3525 1257 3594 discrimine
1278 3523 1313 3588 in
1336 3522 1428 3607 qnod

294 3648 384 3715 Steti.
408 3647 562 3715 inciderit
583 3647 752 3714 evidenter
773 3647 876 3731 sequi,
900 3647 999 3713 haud
1013 3646 1225 3712 librariorum
1248 3664 1358 3711 errore
1372 3644 1426 3710 vel

293 3765 437 3850 arbitrio,
460 3765 550 3830 haud
571 3772 751 3850 temporum
773 3764 946 3848 iniquitate
961 3764 1110 3831 Bembini
1133 3769 1230 3828 notas
1245 3768 1339 3829 tanta
1355 3782 1426 3827 cor·

293 3887 444 3971 ruptione
472 3893 585 3970 totque
613 3887 751 3954 maculis
779 3905 850 3953 esse
880 3886 1030 3970 affectas,
1060 3885 1118 3952 sed
1149 3904 1256 3968 paene
1279 3884 1427 3964 integras

294 4026 336 4074 ex
365 4025 574 4090 personarum
602 4005 829 4074 distributione
853 4006 991 4089 pariter,
1020 4012 1119 4086 atque
1142 4002 1316 4071 Bembinns
1339 4019 1427 4065 com-

294 4125 472 4210 mendaret,
494 4126 674 4211 antiquitus
690 4127 778 4193 facta
793 4124 886 4192 nobis
901 4143 973 4192 esse
988 4129 1135 4191 servatas
1149 4121 1312 4203 fidamque
1327 4117 1426 4184 huius

273 4251 276 4258 '
299 4265 409 4313 rerum
437 4246 660 4316 scaenicarnm
682 4245 784 4330 partis
805 4244 981 4328 imaginem
1003 4243 1170 4329 praebere.
1208 4238 1324 4322 Neque
1346 4257 1426 4306 vcro
