3158 4814
770 243 809 309 19

221 416 290 484 scre
314 435 424 483 omues
446 417 599 501 Hecyrae
622 435 783 499 personae
806 420 842 480 A
857 421 888 478 Β
902 416 1044 484 Pliteris
1059 423 1134 482 sunt
1149 421 1352 484 exornatae?

220 537 336 604 Nonne
363 536 464 620 igitur
491 556 564 604 meo
593 535 664 603 iure
692 554 830 619 quaero,
866 555 924 602 cur
957 535 1110 602 librarius
1144 535 1352 619 Philotidem,

221 656 341 742 quippe
370 676 455 741 quae
483 656 589 740 prima
616 663 695 740 agat
731 661 860 721 nonA
824 655 1013 723 Aordinis
1042 655 1243 741 alphabetici
1265 655 1352 740 prin·

221 777 293 861 cipe
315 775 536 843 indicaverit?
580 775 735 844 Feliciter
750 774 886 842 aliunde
906 775 1000 842 nobis
1015 775 1124 843 anxiis
1142 775 1243 842 sertin
1257 774 1352 841 auxi·
1409 812 1516 908 ‘W
1556 853 1566 861 ‚

218 897 299 962 lium
321 895 495 980 omniaque
517 897 677 962 tolluntur
697 895 940 978 impedimenta.
986 896 1072 961 Huic
1096 895 1182 963 enim
1201 897 1352 980 Hecyrae
1378 849 1470 966 qiq
1500 941 1521 988 p
1549 957 1567 1034 L,

218 1016 292 1082 loco
322 1014 518 1081 simillimum
550 1021 599 1082 est
632 1013 762 1080 initium
789 1015 996 1082 Phormionis
1024 1014 1174 1099 fabulae,
1203 1022 1238 1082 ut
1267 1034 1351 1098 quae
1368 945 1562 1125 q‚We-l*

219 1135 337 1203 eadem
364 1154 408 1202 ex
434 1154 574 1219 persona
602 1133 765 1219 protatica
793 1133 997 1201 exordiatur.
1046 1135 1092 1203 Ut
1126 1142 1235 1230 autem
1263 1134 1353 1201 illius
1368 1017 1544 1256 &diff

219 1253 408 1321 comoediae
430 1252 577 1332 Philotis,
600 1253 648 1319 ita
670 1253 769 1318 huius
787 1252 901 1318 Davus
915 1252 1122 1338 Bsignatu13
1145 1225 1240 1320 alteri
1254 1253 1352 1320 iuter·

217 1374 355 1442 locutori
377 1374 472 1440 simul
495 1371 607 1455 agenti
630 1379 664 1438 et
685 1370 738 1438 hic
761 1379 794 1440 et
817 1371 929 1438 illios
947 1372 1044 1441 litera
1066 1392 1207 1456 sequens
1229 1371 1352 1440 adscri-

216 1495 313 1561 bitur.
358 1493 519 1576 Reliquae
533 1499 647 1559 contra
668 1491 802 1560 fabulae
826 1494 870 1559 ab
892 1500 937 1578 A,
961 1493 1014 1562 cui
1029 1492 1176 1561 succedit
1190 1497 1230 1577 B,
1255 1512 1350 1560 excr-

216 1616 357 1682 diuntur.
407 1615 492 1680 Hinc
520 1633 595 1680 mea
629 1613 762 1697 quidem
794 1614 956 1680 sententia
983 1614 1019 1679 id
1042 1613 1198 1696 efficitur,
1228 1619 1350 1680 utnon

215 1735 290 1802 ideo
314 1735 403 1819 quod
425 1735 538 1800 histrio
560 1739 592 1795 Β
614 1739 680 1799 tres
693 1733 769 1800 illas
791 1753 950 1818 personas
972 1734 1085 1819 egerit,
1108 1733 1303 1801 Philotidcm
1318 1740 1350 1797 Β

215 1855 432 1940 significatam
453 1840 525 1924 esse
541 1861 768 1938 cognoscatur,
791 1854 852 1922 sed
867 1854 944 1938 quia
958 1854 1110 1921 librarius
1121 1859 1157 1917 A
1172 1873 1270 1937 quam
1285 1854 1349 1938 pri·

213 1975 325 2041 mariis
346 1981 472 2042 tantum
494 1974 643 2060 partibus
666 1982 766 2058 atque
788 1974 937 2041 virilibus
959 1994 1124 2059 apponere
1147 1974 1282 2057 solebat,
1307 1974 1350 2040 ad

213 2096 442 2165 secundariam
457 2115 631 2180 personam
645 2094 837 2162 muliebrem
853 2094 1010 2162 adhibere
1021 2094 1136 2160 noluit.
1165 2093 1262 2170 Quod
1271 2114 1348 2161 vero

211 2218 306 2286 Sosia
320 2224 352 2281 B
366 2216 575 2302 significatur,
600 2221 750 2282 nontam
772 2235 853 2281 casu
877 2214 1000 2280 factum
1022 2220 1080 2296 est,
1105 2233 1202 2296 quam
1222 2215 1349 2280 necessi

214 2342 291 2403 tate.
325 2337 411 2402 Nam
439 2334 483 2399 ad
505 2333 712 2417 Pamphilum
734 2333 769 2398 in
791 2333 852 2416 III,
875 2334 895 2398 3
919 2334 1023 2399 solum
1037 2338 1197 2420 agentem
1220 2352 1292 2398 cum
1313 2332 1347 2398 in

213 2456 273 2540 III,
296 2456 318 2520 4
339 2455 500 2520 Parmeno
523 2474 563 2518 ac
586 2452 690 2533 Sosia,
714 2471 850 2536 quorum
865 2451 922 2520 ille
945 2459 995 2520 est
1009 2452 1151 2536 gravior,
1176 2451 1346 2535 accedant,

215 2575 330 2641 horum
352 2573 450 2640 trium
472 2573 603 2638 nomina
619 2593 658 2640 eo
683 2571 800 2638 ordine
825 2578 967 2657 exstant,
991 2577 1027 2637 ut
1051 2591 1153 2654 ,quas
1169 2571 1347 2657 (librarius)

213 2695 341 2778 priores
362 2696 396 2760 in
419 2714 518 2762 scena
534 2701 803 2761 commemoratas
819 2693 1038 2778 deprehendit
1060 2691 1141 2778 (non
1158 2692 1345 2778 loquentes)

214 2835 386 2898 personas,
412 2815 537 2900 priores
559 2814 593 2879 in
615 2814 726 2882 indice
754 2812 993 2900 scriberet15).“
1038 2808 1164 2896 ¹Itaque
1187 2812 1268 2896 quid
1290 2813 1347 2878 mi-

213 2955 298 3021 rum,
328 2935 356 3002 si
384 2935 582 3003 Parmenoni
609 2940 655 3019 A,
684 2933 798 3002 Sosiae
820 2941 862 3018 B,
894 2932 1065 3018 Pamphilo
1089 2936 1115 2994 Γ
1136 2932 1290 2999 librarius
1312 2940 1348 2999 ut

213 3055 293 3123 ordo
316 3063 502 3124 servaretur
524 3054 752 3140 alphabeticus
774 3054 928 3122 addidit?
971 3055 1123 3138 Denique
1148 3053 1188 3119 dc
1211 3052 1347 3119 Bacchi-

217 3174 269 3239 dis
291 3181 322 3238 B
347 3177 429 3259 quid
451 3178 493 3242 sit
515 3175 723 3243 sentiendum
746 3175 835 3241 haud
858 3174 993 3242 difficile
1016 3180 1066 3240 est
1089 3173 1194 3240 dictu:
1217 3171 1262 3239 Ut
1282 3171 1347 3240 fine

212 3301 305 3361 actus
327 3295 373 3362 IV
396 3295 522 3362 Laches
543 3299 572 3357 Γ
590 3295 721 3362 literam
744 3295 818 3372 fert,
843 3295 892 3361 ita
913 3294 947 3359 in
970 3293 1008 3380 V,
1034 3296 1050 3358 1
1076 3313 1206 3377 quoque
1229 3292 1346 3361 eadem

212 3413 379 3498 signatur3'
410 3412 464 3478 hic
491 3413 592 3497 igitur
619 3414 715 3480 litera
736 3418 768 3474 Β
789 3413 899 3498 priore
933 3411 1039 3496 posita
1062 3411 1210 3479 ordinem
1232 3413 1346 3497 alpha·

211 3535 353 3602 beticum
376 3533 496 3601 effecit.
541 3531 693 3599 Ceterum
716 3532 779 3599 hae
800 3539 899 3600 uotae
922 3531 949 3598 si
972 3538 1120 3598 actorum
1151 3533 1245 3616 quasi
1267 3535 1346 3622 ima·

211 3653 305 3738 gines
317 3655 409 3722 uobis
422 3653 640 3737 ostenderent,
656 3653 770 3720 merito
782 3652 817 3718 in
828 3673 868 3720 eo
881 3652 1090 3736 offenderem,
1104 3652 1191 3738 quod
1207 3653 1346 3720 Bacchis
1401 3666 1404 3676 '

211 3795 277 3841 non
298 3778 366 3839 a&
388 3777 442 3841 rel
465 3779 494 3836 E
514 3774 632 3858 agitur,
656 3794 729 3841 cum
752 3774 945 3860 praesertim
969 3773 1186 3840 &Sostratae
1209 3793 1345 3840 munere

210 3893 385 3979 perfuncta
407 3900 481 3977 post
501 3895 557 3978 IV,
580 3895 601 3960 3
624 3902 720 3962 vacet
741 3895 920 3980 meretrici,
951 3900 1039 3962 certe
1061 3893 1146 3962 enim
1169 3892 1274 3977 magis
1297 3898 1347 3961 est

209 4022 347 4082 naturae
375 4022 487 4099 aptum
515 4036 628 4083 omues
654 4037 812 4100 personas
842 4016 1033 4096 muliebres,
1063 4020 1221 4096 quantum
1243 4015 1347 4098 possit

208 4171 414 4184 ᾖ

277 4256 309 4324 ¹⁵)
329 4255 385 4313 Ofr.
404 4253 553 4324 Umplenb.
573 4254 660 4326 praef.
678 4273 705 4326 p.
724 4257 766 4312 IX
784 4264 814 4314 et
831 4257 865 4315 X.
1157 4341 1172 4374 *

1134 4343 1149 4397 2
