3158 4814
750 267 789 332 21

201 441 373 527 pergitque
401 441 502 506 verba
525 439 651 522 faeere3
682 457 788 522 neque
817 437 940 505 ideireo
965 437 1108 505 dubitari
1131 445 1252 524 potest,
1277 435 1330 502 eni

201 579 308 628 sermo
323 559 366 627 sit
379 558 617 627 attribuendus
640 558 679 624 In
695 559 746 626 his
762 568 870 625 autem
886 559 1068 644 soliloquiis
1084 580 1258 644 quamqam
1271 559 1330 626 de-

203 682 403 748 sideraturos
427 700 486 746 nos
510 699 582 747 esse
605 685 710 763 notas,
734 679 928 747 siSteffenii
951 682 1112 748 sententia
1128 685 1215 747 esset
1240 698 1329 760 vera,

201 803 342 870 libenter
365 799 520 884 concede,
545 805 689 867 attamen
712 821 775 866 non
798 801 866 866 alia
894 801 935 868 de
958 804 1206 884 monologorum
1226 799 1331 867 literis

201 923 326 990 tollitur
355 921 476 1006 opinio.
528 919 615 998 Quid
644 920 731 986 enim
759 921 847 1004 quod
875 921 909 986 in
931 921 1072 1007 Adelph.
1095 921 1134 1006 V,
1162 923 1184 986 4
1207 921 1331 988 Demea

201 1044 235 1108 in
266 1061 367 1109 seena
394 1041 515 1126 priore,
540 1061 605 1124 qua
628 1061 700 1106 eum
721 1040 862 1110 Mieione
883 1048 919 1106 A
943 1044 1125 1109 eolloentus
1148 1048 1197 1109 est
1219 1045 1250 1102 B
1273 1061 1330 1107 110·

200 1169 300 1246 tatus,
323 1162 380 1228 illo
403 1182 497 1229 verso
513 1160 717 1245 significatur
738 1163 796 1226 A?
839 1161 902 1240 Qui
925 1161 987 1229 hoe
1011 1181 1181 1246 possemus
1203 1161 1330 1228 intelle-

202 1304 290 1367 gere,
319 1283 346 1350 si
369 1281 561 1348 Steffenium
585 1283 816 1362 sequeremur?
849 1283 923 1350 Hue
946 1283 1084 1366 aceedit,
1109 1281 1196 1366 qued
1218 1282 1253 1346 in
1277 1301 1330 1347 eo·

203 1403 312 1468 Plauti
336 1401 449 1469 codiee
471 1401 591 1468 Vetere
614 1401 976 1490 nunquamffmonologis
998 1411 1097 1470 notae
1121 1409 1194 1470 sunt
1208 1401 1331 1468 adseri-

203 1529 289 1606 ptae,
314 1520 444 1603 deinde,
468 1521 556 1606 qued
574 1522 756 1588 Vietoriaui
778 1524 932 1592 librarius
948 1522 1168 1609 praetermisit
1190 1541 1247 1590 eas
1271 1519 1330 1587 all-

203 1641 346 1726 quoties,
376 1643 508 1726 saepius
531 1643 649 1726 posuit.
695 1643 758 1708 Hie
787 1649 876 1710 eerte
899 1643 979 1725 quin
1000 1645 1215 1727 neglegenter
1238 1647 1332 1709 notas

202 1763 404 1845 tractaverit,
426 1762 541 1845 nequit
563 1760 716 1828 dubitari.
762 1762 873 1839 Quare
894 1763 975 1848 qnid
995 1784 1047 1830 me
1069 1761 1228 1847 prohibet,
1253 1781 1331 1846 que·
1437 1750 1440 1756 ¹

202 1885 310 1948 minus
332 1881 481 1947 Bembini
503 1889 653 1948 notamm
676 1889 840 1950 auctorem
863 1883 933 1950 sive
957 1885 1104 1951 consulto
1128 1881 1198 1949 sive
1221 1902 1264 1949 ex
1277 1902 1332 1948 ne·

137 2023 139 2028 ·
203 2002 371 2086 glegentia
383 2001 534 2086 quadam,
558 2003 643 2069 sieut
657 2005 807 2070 omnibus
822 2003 898 2070 aliis
913 2004 1020 2070 scenis
1036 2002 1150 2069 literas
1165 2001 1331 2070 adscribe-

203 2125 275 2208 bat,
309 2143 366 2191 eas
394 2123 492 2190 etiam
519 2123 702 2206 menologia
724 2123 893 2192 addidisse
918 2124 1046 2190 diram?
1089 2124 1141 2188 An
1164 2129 1274 2207 putas,
1297 2123 1332 2187 in

203 2244 330 2311 librarii
359 2243 468 2309 animo
496 2243 675 2324 resedisse,
707 2244 795 2328 qnod
822 2244 931 2311 multis
960 2251 992 2311 et
1023 2243 1219 2310 necessariis
1247 2243 1332 2309 notis

201 2386 326 2450 paneas
349 2383 570 2448 supervacuas
593 2363 798 2447 adiungeret,
822 2365 1013 2448 serupulus?

287 2486 338 2552 De
354 2486 459 2550 altero
476 2490 666 2566 argumente
681 2481 856 2550 Steffenius
877 2483 959 2552 haee
976 2484 1070 2551 dieit:
1088 2483 1197 2569 ,Quid
1212 2493 1330 2570 autem,
1366 2436 1419 2527 ‘is

203 2605 312 2689 „quod
348 2605 383 2670 in
420 2603 606 2670 fabularum
639 2603 704 2670 fine
735 2589 876 2671 canteris
903 2609 982 2672 nota
1006 2629 1030 2669 ω
1060 2605 1139 2691 poni
1161 2608 1245 2672 solet
1268 2625 1332 2671 non

205 2728 327 2806 ,solum
355 2724 389 2790 in
421 2724 589 2792 eodieibus
617 2725 823 2792 Terentianis
851 2725 911 2792 sed
947 2727 1046 2793 etiam
1079 2726 1114 2792 in
1147 2725 1333 2793 Plautinis?

205 2847 297 2926 ,Quo
326 2844 423 2912 etiam
452 2844 537 2911 illud
560 2842 752 2910 addendum
780 2853 844 2930 est,
875 2846 965 2930 qued
994 2845 1193 2915 Ritsehelius
1228 2866 1334 2930 nuper

204 2966 329 3049 „Musei
351 2966 456 3034 Rhen.
481 2971 502 3031 t.
526 2965 652 3049 XXVI,
681 2986 714 3049 p.
739 2967 802 3032 599
825 2985 895 3051 sqq.
918 2967 1153 3035 demonstravit
1178 2967 1213 3033 in
1243 2966 1332 3034 eodi-

202 3087 315 3168 „eibus
337 3086 498 3153 Plautinis
521 3084 546 3151 0
574 3090 606 3152 et
629 3085 827 3153 DVliteras
851 3109 889 3154 eo
915 3087 1080 3155 adhibitas
1101 3107 1172 3155 esse
1186 3069 1231 3152 ¹ut
1247 3106 1331 3172 quae

207 3206 358 3287 ,fabulae
377 3213 490 3289 partes
505 3206 644 3291 eantiea,
669 3225 753 3289 quae
767 3215 875 3274 essent
890 3207 1048 3294 diverbia,
1073 3207 1333 3292 significaretur?

205 3325 340 3409 „Neque
362 3326 404 3391 ab
427 3325 489 3391 hae
512 3345 548 3392 re
571 3326 654 3391 illud
677 3326 821 3393 alienum
844 3335 907 3412 est,
931 3328 1021 3412 quod
1043 3348 1254 3412 personarum
1276 3350 1332 3396 ne·

205 3447 365 3530 ,minibus
394 3464 472 3511 suus
505 3446 622 3529 ruique
652 3447 820 3514 eharaeter
853 3449 1037 3532 adscriptus
1065 3456 1128 3533 est,
1164 3452 1199 3516 'nt
1228 3447 1331 3532 ,Simo

200 3569 359 3650 .„senex“,
386 3565 597 3650 „Pamphilus
613 3565 838 3651 adnleseens“,
866 3568 984 3650 ,Thais
998 3569 1174 3636 meretrix“
1201 3575 1262 3636 ete.
1278 3618 1284 3633 .
1299 3616 1306 3631 .
1324 3619 1330 3632 .
1455 3629 1460 3642 ,

205 3686 286 3769 „Tot
313 3686 414 3770 igitur
441 3686 475 3751 in
500 3684 668 3752 eodieibus
697 3695 730 3781 et
751 3687 896 3754 Terentii
927 3697 958 3756 et
980 3689 1089 3757 Plauti
1110 3689 1235 3756 indicia
1259 3709 1332 3755 eum

205 3797 269 3890 „ad
293 3812 486 3890 apparatum
514 3807 702 3876 seaenieum
723 3809 924 3892 pertineant,
948 3809 1029 3898 quid
1047 3831 1110 3897 per
1132 3831 1167 3877 se
1190 3811 1260 3878 veri
1283 3818 1332 3877 est

157 3957 161 3968 ·
206 3927 378 4010 ,similius,
408 3946 505 4011 quam
528 3928 627 3994 etiam
648 3948 788 4013 graecas
807 3932 920 3998 literas
946 3932 1021 3998 illas
1042 3933 1091 4000 rei
1113 3931 1263 3998 seenieae
1286 3931 1332 3995 in-

205 4047 419 4132 „serviisse‘?“
467 4046 538 4134 Sed¹
563 4049 642 4130 quid
666 4050 773 4117 dieam
797 4052 838 4120 de
861 4059 939 4120 nota
961 4076 985 4116 ω
1015 4074 1080 4120 non
1102 4054 1205 4120 solum
1227 4052 1260 4117 in
1279 4072 1333 4118 eo·

205 4169 333 4236 dieibus
368 4167 573 4234 Terentianis
603 4168 662 4236 sed
698 4173 797 4239 etiam
839 4175 873 4238 in
911 4174 1116 4240 Plautinis
1153 4177 1331 4240 exstante?

204 4288 366 4367 Quantum
396 4287 483 4358 enim
518 4287 669 4373 equidem
705 4301 904 4379 compertum
936 4297 1058 4380 habeo,
1082 4295 1164 4362 haee
1194 4318 1219 4358 ω
1244 4293 1332 4362 eodi-
