3158 4814
135 585 136 590 ,
163 517 270 598 minus
292 541 387 605 quam
410 520 587 588 Steffenius
608 521 643 587 hi
664 520 727 587 viri
748 542 822 588 mea
837 521 970 606 quidem
985 523 1149 591 sententia
1163 524 1290 590 faciunt
1328 603 1331 608 Δ

162 637 345 722 fallaciam,
375 640 494 708 etenim
517 660 590 707 cum
611 639 743 708 minime
765 640 873 709 adhuc
896 641 1055 712 eiusmodi
1077 652 1289 726 personarum

162 759 422 828 distributionem
460 759 787 826 artificisicsissimam
825 760 859 826 in
897 759 1115 827 Romanorum
1153 761 1289 829 theatris
1320 745 1321 749 ¹

163 881 361 947 dominatam
383 901 454 948 esse
477 889 616 963 constet,
638 889 714 949 ante
730 881 839 948 omnia
853 881 918 948 ista
932 881 1149 949 institutorum
1164 881 1289 948 scaeni-

161 1022 275 1068 corum
297 1002 474 1068 maximam
496 1009 622 1086 partem
643 1002 800 1070 amiciens
821 1001 1002 1069 obscuritas
1016 1003 1078 1069 fuit
1092 1002 1289 1070 illustranda

162 1133 261 1206 atque
290 1121 481 1189 amovenda.
527 1121 600 1199 Quo
631 1121 761 1189 demum
790 1121 878 1189 facto
902 1122 1000 1188 etiam
1021 1122 1171 1190 Bembini
1192 1129 1289 1189 notas

162 1240 340 1308 valeread
362 1241 397 1306 id
419 1241 600 1309 institutum
622 1249 796 1325 potuerunt
818 1242 1051 1310 demonstrare.
1095 1244 1139 1308 At
1162 1250 1287 1310 contra·
1389 1311 1392 1320 ,

162 1363 247 1427 rium
267 1383 333 1429 non
355 1364 441 1446 licet,
465 1362 543 1447 qnia
565 1362 709 1429 nondum
731 1370 837 1430 utrum
860 1371 957 1430 notae
979 1363 1022 1430 ad
1043 1363 1141 1429 aliam
1157 1383 1288 1448 quoquc

162 1503 345 1548 sermonum
368 1481 597 1548 distributione
621 1489 852 1565 exceptarum
874 1481 1013 1548 fortasse
1033 1481 1199 1547 maiorem
1215 1501 1288 1564 per·

160 1603 287 1669 tineant
318 1621 438 1686 neone,
473 1621 579 1684 quove
611 1602 797 1687 pertineant
829 1603 933 1686 probe
966 1602 1191 1685 comperimus.
1236 1601 1288 1666 An

158 1721 309 1791 Steffenii
332 1741 465 1804 causae,
495 1721 613 1804 quibus
635 1722 701 1788 illis
722 1722 801 1788 viris
822 1722 968 1788 Terentii
990 1721 1194 1805 peritissimis
1216 1742 1287 1805 per·

160 1839 271 1926 suasit,
294 1848 330 1907 ut
352 1840 453 1923 ipsius
476 1841 670 1907 sententiam
692 1848 914 1926 sequerentur,
940 1862 982 1907 an
998 1841 1170 1908 Ritschelii
1192 1861 1287 1926 argu·

79 1946 82 1954 '
159 1967 270 2028 menta
292 1980 332 2026 ea
354 1965 438 2042 sunt,
462 1961 579 2040 quibus
601 1961 671 2028 sine
693 1963 761 2027 ulla
784 1962 987 2029 dubitatione
1010 1961 1234 2030 confidamus?

245 2081 367 2145 Verum
389 2078 476 2146 enim
498 2101 575 2148 vero
591 2081 656 2147 iam
671 2088 798 2166 tempus
815 2089 863 2149 est
877 2082 982 2165 ipsam
998 2083 1134 2167 aggredi
1149 2083 1192 2148 ad
1208 2105 1286 2152 rem.

158 2202 274 2284 Neque
300 2220 379 2269 vcro
408 2200 455 2266 ita
484 2201 687 2284 propositum
715 2209 861 2268 nostrum
883 2203 1045 2286 tractabo,
1079 2208 1116 2267 ut
1137 2202 1287 2270 Stcffenii

157 2342 277 2413 causas
298 2323 488 2407 singillatim
505 2321 726 2406 Wagnerique
749 2322 942 2390 sententiam
965 2323 1100 2389 reiciam
1122 2358 1164 2368 -
1179 2342 1286 2405 neque

155 2443 244 2508 enim
273 2443 515 2509 oratiunculam·
538 2441 572 2504 in
601 2441 675 2507 illos
699 2442 846 2507 criticam
868 2463 939 2508 sum
961 2443 1140 2525 scripturus
1162 2481 1203 2489 -
1228 2443 1287 2510 sed

83 2565 88 2575 '
156 2563 255 2627 multo
285 2561 398 2628 utilius
427 2568 525 2644 atque
554 2562 662 2646 aptius
690 2569 740 2628 est
761 2562 842 2627 mihi
864 2563 968 2628 visum
993 2562 1035 2628 de
1057 2561 1184 2646 integro
1208 2562 1287 2646 qnid

156 2681 198 2748 de
226 2681 312 2748 notis
337 2683 544 2749 sentiendum
573 2681 625 2748 sit
643 2684 831 2767 explorare,
849 2681 1009 2750 'Steffenii
1038 2688 1147 2748 autem
1170 2702 1286 2748 causas

157 2821 230 2866 cum
252 2803 287 2867 in
310 2803 456 2870 oratione
479 2803 552 2887 ipsa
573 2809 642 2868 tum
664 2804 698 2867 in
713 2803 989 2885 adnotationibus,
1013 2802 1068 2868 ubi
1084 2803 1211 2869 occasio
1229 2802 1285 2868 da-

155 2922 258 3008 bitur,
282 2923 351 2990 sive
374 2922 515 3006 probare
538 2923 607 2990 sive
634 2923 843 3007 redarguere.
889 2922 934 2989 Ut
962 2929 1071 2990 autem
1094 2924 1212 2989 clarior
1233 2942 1285 2988 res

155 3041 213 3107 fiat
234 3042 429 3126 faciliusque
452 3043 676 3127 unusquisque
699 3042 780 3127 quid
794 3042 855 3108 sim
871 3043 1077 3130 expositurus
1092 3041 1285 3126 intellegere

155 3162 274 3245 possit,
297 3163 427 3228 tabulas
448 3162 616 3229 literarum
637 3163 673 3227 in
696 3164 770 3230 cod.
793 3164 906 3230 Bemb.
931 3169 1140 3230 exaratorum
1162 3161 1285 3228 adscri-

154 3279 233 3346 bere
256 3279 362 3364 iisque
384 3282 563 3348 Trinummi
586 3282 711 3351 addere
734 3283 825 3350 libet.
853 3257 856 3262 Ι

240 3399 290 3466 Ac
312 3400 417 3484 prima
439 3400 570 3484 quidem
591 3402 653 3470 erit
674 3405 833 3488 quaestio,
857 3424 998 3488 quonam
1012 3402 1109 3468 modo
1124 3399 1285 3469 eiusmodi

154 3540 311 3604 personas
344 3520 552 3605 significandi
584 3524 667 3589 ratio
696 3525 729 3589 in
758 3524 858 3591 libros
887 3525 943 3609 qui
972 3530 1113 3592 aetatem
1139 3523 1285 3592 tulerunt

153 3639 343 3723 irrepserit?
375 3642 449 3708 Duo
473 3649 597 3726 queunt
619 3645 802 3728 excogitari
825 3643 931 3710 modi:
956 3645 1094 3711 alterum
1109 3642 1284 3710 Steffcnius

153 3759 315 3826 Dniatuko
331 3762 512 3846 Wagncrus
527 3765 747 3847 comprobant,
771 3767 909 3833 alterum
926 3786 987 3850 ego
1004 3763 1183 3832 ostendam.
1218 3764 1284 3829 Aut

154 3879 241 3946 enim
269 3902 304 3948 re
333 3902 413 3948 vera
441 3892 553 3970 notae,
582 3891 618 3951 ut
645 3886 790 3953 vicariae
819 3894 928 3954 essent
953 3885 1119 3952 nominum
1140 3885 1284 3968 ipsorum

152 4002 222 4083 vel,
260 4009 297 4068 ut
326 4003 445 4068 clarius
476 4003 596 4090 dicam,
624 4014 787 4092 actorum,
821 4028 841 4072 a
870 4006 980 4091 gregis
1015 4005 1145 4072 domino
1178 4004 1212 4068 in
1234 4004 1282 4069 hi·

153 4119 311 4187 strionum
346 4125 550 4206 exemplaria
587 4125 742 4194 inductae
775 4133 864 4211 sunt,
904 4125 991 4192 unde
1032 4131 1177 4209 tempore
1211 4143 1283 4208 pro-

153 4239 290 4308 cedente
312 4241 347 4306 in
368 4243 469 4310 libros
496 4245 709 4332 transierunt;
740 4255 796 4314 aut
818 4247 998 4335 posteriore
1022 4245 1151 4312 demum
1173 4250 1282 4312 aetate

152 4360 247 4442 quasi
275 4382 361 4429 nova
390 4364 543 4448 signandi
570 4387 684 4432 norma
712 4387 734 4432 a
761 4367 896 4433 librario
925 4367 1070 4449 quodam
1097 4364 1283 4449 compendii
