3158 4814
728 248 767 312 17

258 424 546 496 5-AAcsohinusB
559 419 657 489 Micio

260 547 291 618 6,.
512 543 681 609 BDomca

265 664 449 733 7.AMioio
514 666 545 724 B
614 711 627 740 ‚,

205 787 242 853 V.
267 788 296 852 1.
518 788 550 850 B
616 831 631 860 „
743 777 884 862 ,ruyrus

264 904 456 988 aASyrur
520 907 551 964 Β
618 927 653 982 ,,,·
907 896 1071 962 ADromo

262 1027 292 1090 3.
306 1023 448 1090 Aldicio
513 1027 545 1089 Β
612 1067 628 1104 „

264 1145 295 1208 4.
308 1147 343 1209 A
354 1141 480 1214 Demea

264 1263 341 1328 bA
408 1313 422 1343 „
511 1256 657 1343 BSyroo

264 1383 292 1446 c.
305 1386 341 1444 A
410 1365 465 1462 „'
745 1375 868 1444 reeta

262 1499 450 1566 7.AMioio
511 1497 677 1564 BDemea
744 1494 884 1580 ruyrus
900 1495 1126 1562 AAoacbinus

274 1636 381 1702 Huius
410 1633 600 1701 comoediae
622 1640 725 1700 notae
748 1632 793 1698 ad
814 1640 955 1698 nostram
979 1631 1175 1700 sententiam
1192 1631 1322 1698 demon-

189 1755 358 1821 utrandum
370 1753 583 1838 gravissimae
598 1759 674 1818 suut
687 1752 886 1847 dignaeque,
910 1770 995 1834 quae
1010 1752 1195 1819 accuratius
1211 1753 1323 1837 paullo

189 1875 436 1960 perlustrentur.
486 1871 582 1950 Quod
610 1872 666 1957 qui
689 1872 818 1954 feccrit,
850 1891 924 1938 eum
952 1872 986 1936 in
1008 1879 1118 1955 partes
1139 1891 1229 1940 meas
1253 1871 1323 1939 sine

117 1984 119 1990 ’
188 1995 258 2061 ulla
280 1995 484 2062 dubitatione
507 1995 628 2059 iturum
647 2013 725 2061 ease
749 2013 844 2078 opero
867 2001 965 2076 atque
988 1990 1127 2058 confido.

272 2129 403 2213 Ubique
426 2131 513 2196 enim
536 2131 656 2197 eminet
680 2129 808 2197 ordinis
827 2129 1026 2214 alphabetici
1042 2128 1193 2195 studium.
1222 2129 1325 2194 Pauci

189 2256 299 2317 autem
332 2249 398 2316 loci
432 2249 550 2334 quibus
583 2251 736 2317 librarius
772 2271 793 2315 a
827 2251 943 2334 regula
972 2248 1124 2316 videatur
1151 2249 1324 2316 descivisse

190 2391 258 2437 non
280 2377 355 2437 sunt
377 2369 411 2452 ii,
436 2370 491 2454 qui
513 2371 609 2437 nobis
631 2371 696 2436 sint
710 2369 831 2437 noxiae
854 2378 953 2454 atque
964 2370 1177 2454 periculosae.
1223 2368 1325 2434 Immo

191 2492 379 2575 plerumque
403 2508 446 2554 ex
468 2489 509 2556 iis
537 2509 658 2556 novam
679 2489 848 2556 haurimus
871 2511 975 2574 opem,
999 2509 1072 2555 cum
1094 2508 1157 2573 res,
1180 2489 1208 2554 si
1231 2494 1325 2554 notas

191 2610 239 2675 ita
261 2616 297 2675 ut
321 2607 464 2674 diximus
480 2609 607 2692 positas
631 2629 703 2678 esse
725 2611 889 2676 nollemus
904 2629 1091 2706 agnoscere,
1115 2609 1245 2675 omnino
1260 2629 1326 2674 non

190 2736 301 2813 posset
323 2728 472 2813 intellegi
494 2729 557 2794 nisi
580 2749 678 2795 manu
695 2729 915 2798 emendatrice
938 2729 1146 2796 sexcentiens
1168 2727 1325 2794 adhibita.

192 2849 358 2927 Quantum
380 2849 480 2933 igitur
502 2848 678 2917 Stcffenius
701 2871 774 2916 cum
803 2855 897 2916 notas
910 2849 1127 2916 Terentianae
1150 2849 1327 2932 corrigeret

190 2969 387 3055 peccaverit,
411 2990 477 3035 non
499 2970 565 3036 iam
588 2970 749 3054 estquod
773 2991 959 3037 memorem.

276 3106 342 3174 Sed
374 3107 440 3172 iam
477 3115 601 3174 restant
635 3107 797 3173 nonnulla
833 3114 1025 3192 argumenta
1047 3127 1068 3172 a
1090 3104 1246 3173 Stcffenio
1271 3125 1327 3172 ex-

191 3227 352 3292 trinsecus
380 3228 497 3312 allata,
528 3227 646 3311 quibus
686 3247 813 3294 summa
852 3228 951 3294 totius
986 3225 1083 3293 huius
1117 3226 1327 3309 quaesticulo,

192 3345 268 3411 illas
296 3350 390 3412 notas
413 3345 592 3430 antiquitus
616 3367 637 3412 a
662 3348 795 3413 domino
820 3348 961 3430 quodam
995 3347 1104 3432 gregis
1125 3347 1159 3412 in
1182 3355 1329 3414 actorum

192 3463 395 3549 exemplaria
417 3464 569 3530 inductas
593 3487 664 3534 ease
689 3468 805 3551 itaque
826 3466 870 3531 ad
893 3473 1020 3534 actores
1035 3466 1207 3553 pertinere,
1233 3467 1329 3536 valde

190 3583 322 3651 videtur
344 3584 461 3651 fulciri.

281 3719 354 3800 „Sic
378 3723 508 3788 demum
535 3721 594 3808 (so.
632 3723 659 3790 si
681 3723 832 3790 Bembini
855 3734 951 3792 notas
973 3725 1017 3791 ad
1045 3745 1097 3793 res
1126 3725 1330 3809 antiquitatis

194 3841 381 3920 „scaenicas
398 3850 473 3909 eunt
488 3842 708 3931 referendae),
724 3843 831 3930 inquit
846 3845 969 3913 Steffen
979 3845 1026 3932 ¹⁴),
1048 3837 1256 3930 intellegitur,
1273 3866 1330 3910 cur

194 3960 346 4040 „tandem
368 3962 466 4030 toties
488 3965 586 4031 binae
609 3972 708 4050 atque
732 3966 815 4034 adeo
838 3973 951 4034 ternae
973 3967 1110 4050 cingulis
1131 3965 1236 4032 literis
1258 3985 1330 4049 per-

260 4235 291 4305 ¹⁴)
312 4253 340 4305 p.
364 4238 422 4294 127.

1120 4328 1137 4380 2
