3158 4814
803 224 890 309 ao'

253 413 343 497 fieri,
373 415 415 482 ab
446 413 560 483 eodem
587 411 710 497 suscipi
731 418 985 498 actore,«quam
1007 413 1049 481 ab
1073 432 1111 480 eo
1134 412 1306 490 histrione,
1330 407 1383 474 cui

252 541 427 618 praeterea
455 534 553 602 etiam
581 533 725 631 uirorum
746 538 855 616 partes
877 532 1028 616 agendae
1051 532 1115 598 sint
1137 532 1229 601 utin
1251 531 1384 615 Hecyra

109 725 112 732 Δ
224 699 225 703 =
252 658 283 720 B
305 658 356 720 ter
377 651 529 736 Lacheti,
553 653 653 723 semel
676 651 856 736 Phidippo,
879 652 1048 736 Pamphilo
1071 651 1261 736 quinquies,
1284 651 1384 719 semel

252 773 458 854 Parmenoni,
481 773 581 841 semel
604 772 700 840 Sosia
723 771 891 855 adscripta
913 779 971 841 est.

337 891 425 970 Quid
449 891 490 962 de
502 891 663 974 exemplis
679 910 721 958 ex
736 889 932 963 Phormione
954 891 1113 974 promptis
1130 890 1259 956 dicam?
1286 890 1381 956 liius-

253 1013 326 1080 dem
349 1020 424 1080 sunt
445 1011 532 1080 modi
555 1011 648 1078 ouius
669 1011 738 1095 illa,
764 1010 804 1078 de
828 1010 945 1094 quibus
975 1011 1071 1076 modo
1095 1011 1271 1094 disputavi.
1316 1011 1383 1078 Ve-

251 1151 322 1198 rum
335 1129 423 1213 quod
438 1128 615 1200 Steffenius
630 1129 757 1196 scribit:
777 1129 908 1212 ,Habes
923 1128 1024 1212 igitur
1036 1130 1213 1214 quinque
1229 1132 1383 1215 exempla

191 1329 194 1338 ,
251 1249 464 1330 certissima“,
492 1250 592 1318 liceat
619 1249 699 1314 mihi
727 1249 787 1316 hoo
816 1247 857 1317 de
885 1269 1021 1317 numero
1051 1271 1151 1318 unum
1175 1250 1382 1336 deminuere;

251 1391 327 1438 nam
348 1370 383 1435 in
405 1369 763 1450 Hautontimorumeno,
786 1368 842 1434 ubi
864 1369 921 1437 ille
944 1369 1150 1438 Chremetem
1168 1370 1380 1444 Dromonem-

252 1509 314 1572 que
337 1495 373 1560 A
395 1496 525 1557 notatos
553 1490 660 1576 ponit,
690 1490 719 1556 is
747 1487 880 1573 quidem
908 1497 1067 1574 perpetuo
1093 1510 1166 1557 oum
1188 1497 1224 1555 A
1247 1490 1380 1564 coniun-

251 1618 323 1676 etus
346 1617 403 1695 est,
427 1618 587 1678 atseruus
602 1610 702 1677 habet
718 1609 752 1675 in
766 1609 826 1694 III,
849 1611 926 1694 3A,
950 1630 1017 1676 non
1039 1616 1087 1674 A.
1132 1611 1174 1679 Et
1196 1632 1237 1681 ne
1254 1611 1295 1680 de
1312 1631 1381 1677 cor-

252 1731 380 1813 ruptela
408 1728 541 1813 quidem
568 1729 622 1795 hio
645 1735 752 1814 potest
774 1729 914 1814 cogitari
935 1730 1039 1799 literis
1060 1735 1096 1794 A
1119 1737 1151 1796 et
1173 1736 1203 1794 Δ
1232 1731 1382 1815 quamvis

250 1849 421 1934 similibus,
446 1849 536 1932 quod
559 1849 676 1918 eadem
698 1851 732 1915 in
755 1870 854 1916 scena
875 1855 911 1912 A
933 1851 999 1916 iam
1020 1851 1097 1934 Syri
1119 1857 1177 1916 est.
1211 1851 1281 1917 Iam
1304 1873 1380 1920 vero

254 1969 319 2036 duo
349 1969 579 2036 refutationem
614 1976 808 2055 exspectent
836 1979 1029 2055 argumenta
1058 1947 1220 2058 Steffenii,
1245 1993 1380 2056 quorum

126 2082 129 2086 ⁵
251 2091 390 2158 alterum
419 2089 597 2157 admodum
629 2111 700 2158 esse
736 2091 907 2175 exiguum,
944 2092 1082 2162 alterum
1116 2100 1225 2160 autem
1255 2093 1379 2159 idcirco

251 2211 387 2277 maximi
417 2217 496 2295 puto
520 2210 691 2294 momenti,
728 2210 815 2294 quod
837 2232 876 2278 ao
899 2212 946 2279 ad
965 2213 1065 2280 aliam
1088 2234 1268 2298 paucorum
1290 2211 1378 2279 codi-

252 2351 324 2396 cum
347 2329 618 2397 etPlautinorum
641 2336 674 2398 et
689 2330 961 2399 Terentianorum
983 2333 1216 2417 proprietatem
1227 2331 1379 2400 Bembini

251 2451 337 2518 notis
359 2450 498 2516 similem
520 2450 726 2518 adducimur.
1394 2541 1397 2548 1

87 2588 90 2596 ·
168 2583 200 2674 t.
337 2571 517 2638 Audiamus
560 2571 660 2655 igitur
705 2571 746 2640 de
790 2573 900 2657 priora
944 2581 1136 2657 argumento
1187 2575 1381 2642 Steffenium

252 2691 297 2778 (p.
323 2690 413 2776 126):
449 2727 491 2737 -
515 2690 578 2774 „ad
599 2691 733 2775 nullam,
756 2691 873 2775 inquit,
896 2691 996 2758 aliam
1017 2713 1085 2760 rem
1108 2693 1174 2760 nisi
1195 2693 1239 2760 ad
1261 2715 1381 2764 sermo-

252 2832 348 2895 ,num
377 2809 637 2878 distributionem
666 2811 742 2878 illas
768 2816 863 2878 notas
889 2811 1056 2882 adhibitas
1086 2830 1158 2880 esse
1188 2813 1262 2882 ideo
1292 2814 1382 2882 credi

252 2952 337 3015 „non
364 2936 486 3014 potest,
516 2930 605 3011 quod
633 2930 770 3000 eaedem
798 2937 984 3002 constanter
1013 2932 1112 3001 etiam
1139 2933 1174 3000 in
1198 2933 1381 3016 soliloquiis

252 3058 447 3136 „usurpatae
469 3057 554 3136 sunt,
579 3037 837 3136 quotioscrinquc
860 3072 966 3120 novae
989 3071 1110 3120 scenae
1131 3052 1259 3120 initium
1280 3054 1346 3120 fit.“

337 3171 464 3238 Andria
492 3177 635 3255 excepta
662 3171 845 3239 invenimus
875 3172 910 3238 in
932 3172 1068 3258 reliquis
1091 3173 1233 3258 quinquo
1256 3194 1382 3243 comoe-

251 3291 314 3358 diis
337 3291 510 3358 duodecim
537 3291 724 3388 soliloquia.
768 3292 912 3371 Quorum
940 3299 1064 3377 septem
1087 3314 1219 3361 scenam
1241 3295 1382 3379 priorum

249 3411 297 3477 ite
319 3415 514 3496 sequuntur,
543 3419 580 3479 ut
601 3413 871 3482 interlocutorum
899 3415 1116 3500 complurium
1144 3436 1226 3483 unus
1254 3434 1380 3499 perma-

250 3537 332 3623 neat
355 3532 388 3596 in
413 3540 629 3616 spectatorum
652 3541 840 3618 conspectu,
863 3534 1008 3618 quinque
1030 3546 1139 3604 autem
1161 3535 1208 3604 sic
1230 3554 1303 3604 sese
1325 3535 1382 3603 ha-

249 3653 336 3736 bent,
360 3657 397 3717 ut
419 3660 476 3720 aut
497 3674 638 3737 persona
660 3654 825 3738 quaedam
844 3674 903 3737 per
918 3675 1052 3722 scenam
1067 3656 1239 3722 ambulans
1254 3656 1383 3739 paullu-

248 3773 315 3838 lum
350 3792 460 3839 secum
496 3773 753 3842 sermocinaturo
781 3782 940 3860 moretur,
975 3782 1033 3843 aut
1068 3795 1174 3860 pauca
1200 3777 1312 3842 locuta
1340 3776 1383 3840 ab

249 3891 324 3962 aliis
348 3893 573 3960 conveniatur.
623 3895 687 3962 Illa
718 3894 818 3962 oredo
842 3894 1017 3979 soliloquia
1040 3917 1105 3963 non
1133 3896 1239 3981 magis
1265 3893 1384 3962 actoris

250 4017 328 4081 nota
350 4012 551 4099 indigerent,
575 4015 603 4081 si
625 4015 689 4082 hae
712 4021 811 4082 notae
834 4015 880 4081 ad
900 4016 1087 4083 institutum
1109 4016 1296 4084 scaenicum
1311 4033 1384 4098 spe·

250 4138 392 4216 starent,
417 4154 514 4215 quem
545 4134 573 4201 si
595 4155 661 4202 non
687 4142 848 4220 spectant.
896 4135 1026 4220 Quippe
1048 4138 1216 4221 monologi
1243 4154 1386 4220 persona

249 4259 324 4334 post
352 4253 489 4320 aliorum
515 4255 785 4324 interlocutorum
825 4256 1004 4324 discessum
1026 4265 1196 4343 permanet
1221 4257 1255 4322 in
1285 4276 1386 4324 scena
