3158 4814
782 249 824 314 22

226 421 310 487 'cum
327 421 552 488 Plautinorum
575 419 609 488 in
625 439 689 486 uno
702 419 927 487 tantummodo
943 420 1118 504 invenitur,
1142 420 1176 486 in
1191 421 1309 488 Vetere
1321 425 1366 500 B,

237 562 333 626 porro
355 542 451 609 litera
474 565 498 605 ω
522 541 583 608 hoc
611 541 646 606 in
669 541 752 607 libro
775 561 874 607 manu
897 542 1017 626 scripto
1040 543 1141 608 semel
1163 541 1259 607 modo
1274 539 1369 606 nobis

237 663 386 747 occurrit,
411 663 511 746 idque
533 663 568 728 in
590 662 654 729 fine
677 661 857 728 Trinummi
879 661 1074 748 fabulaeffi).
1120 660 1216 744 Quid,
1239 661 1273 725 in
1296 661 1367 724 Tri-

235 783 391 849 nummo?
434 784 535 848 Sanel
580 761 628 846 Id
649 787 698 848 est
724 781 758 846 in
788 802 828 848 ea
857 781 972 848 fabula
999 781 1168 865 Plautina,
1204 799 1269 864 qua
1298 781 1369 846 sola

235 923 448 988 personarum
471 907 568 968 notae
591 901 672 968 satis
687 903 785 986 plene
809 901 1026 986 reperiuntur.
1071 901 1180 978 Quare
1195 905 1290 968 extra
1303 919 1368 966 om-

220 1041 311 1115 ncm
332 1029 381 1090 est
403 1021 649 1107 dubitationem,
672 1022 751 1106 quin
773 1022 856 1090 haec
879 1023 976 1090 litera
997 1043 1064 1090 non
1085 1023 1188 1106 possit
1209 1021 1367 1106 intellegi,

235 1141 300 1208 nisi
323 1161 396 1208 cum
417 1139 493 1206 aliis
515 1140 595 1224 ipsis
617 1161 828 1226 personarum
851 1143 938 1208 notis
961 1151 1149 1227 comparata
1171 1151 1271 1228 atque
1293 1165 1367 1211 con·

233 1261 348 1356 iuncta
369 1261 572 1345 potissimum
589 1283 662 1328 cum
685 1263 825 1346 partium
839 1263 1106 1330 secundariorum
1120 1267 1223 1331 literis
1242 1272 1274 1329 Y
1281 1270 1312 1330 Φ
1326 1273 1368 1332 X.

323 1382 421 1461 Quod
448 1403 527 1450 vero
557 1381 601 1447 ad
635 1381 842 1450 characteres
880 1383 1149 1451 interlocutorum
1183 1389 1369 1454 nominibus

238 1504 402 1570 subiectos
430 1503 586 1588 pertinet,
609 1501 748 1588 lminimc
775 1503 799 1568 ii
827 1502 872 1569 ad
899 1524 953 1571 ras
975 1505 1180 1588 antiquitatis
1200 1508 1369 1574 scaenicas

236 1622 417 1707 referendi,
447 1623 507 1690 sed
528 1621 762 1708 posterioribus
793 1623 921 1690 demum
943 1624 1144 1708 temporibus
1167 1645 1187 1691 a
1208 1646 1368 1709 gramma·

237 1745 313 1812 ticis
340 1745 497 1830 novisque
526 1745 672 1812 Terentii
701 1745 880 1812 editoribus
909 1745 1016 1812 textui
1038 1746 1196 1830 adscripti
1218 1747 1370 1814 videntur

236 1886 318 1934 csse.
352 1867 469 1949 Neque
492 1865 552 1931 illa
580 1865 1100 1952 Hautonumorumeniscena1⁷),
1125 1887 1189 1951 qua
1199 1867 1369 1952 Antiphila

191 2029 193 2034 ,
236 1987 329 2070 virgo
352 2006 418 2052 una
442 2006 514 2052 cum
535 1986 702 2054 Bacchide
725 1993 837 2054 scorto
853 2007 957 2071 agens
979 1987 1042 2053 hoc
1064 1986 1178 2053 modo:

544 2111 574 2169 E
593 2106 733 2174 Bacchis
755 2113 787 2170 Z
805 2107 977 2192 Antiphila

672 2228 862 2294 Meretrices
882 2227 916 2292 II

236 2345 447 2432 significatur,
472 2348 625 2431 equidem
636 2369 779 2433 moveor,
802 2355 838 2414 ut
859 2346 1121 2432 Umpfenbachio
1144 2347 1368 2433 Steffenioq'ue

236 2467 405 2535 assentiar.
453 2468 555 2535 Immo
573 2468 776 2554 Antiphilam
788 2467 969 2537 meretricis
984 2475 1075 2535 veste
1098 2468 1245 2535 iudntam
1267 2469 1368 2536 fuisse

236 2589 367 2656 omnino
390 2609 455 2655 non
478 2609 550 2656 esse
573 2589 820 2658 concedendum
851 2589 991 2655 videtur.
1035 2589 1087 2654 Ex
1104 2590 1259 2656 omnibns
1282 2587 1368 2656 enirn

237 2707 344 2775 scenis
367 2709 411 2792 II,
440 2707 773 2792 4praeccdentibus,
810 2708 928 2792 quibus
963 2708 1094 2793 quidem
1130 2709 1171 2776 de
1199 2709 1368 2794 Antiphila

236 2828 346 2912 agitur
374 2828 580 2914 maximeque
609 2850 652 2896 ex
674 2828 717 2913 11,
741 2831 762 2894 3
785 2827 913 2912 etipsa
942 2849 986 2896 ex
1006 2829 1050 2914 II,
1073 2835 1095 2894 4
1117 2830 1273 2913 sequitur,
1303 2850 1368 2896 non
1403 2849 1405 2855 ’

236 2947 321 3038 sicut
343 2948 549 3016 meretricem
571 2948 656 3016 hanc
679 2950 824 3034 puellam
846 2947 1007 3015 sinceram
1029 2949 1190 3034 prodiisse
1213 2949 1247 3014 in
1262 2949 1368 3033 puhli-

237 3088 319 3152 cum,
343 3067 402 3134 sed
417 3069 477 3134 tali
491 3068 639 3136 indutam
655 3069 784 3154 vestitu,
809 3070 940 3153 qualem
963 3068 1058 3137 decet
1073 3070 1241 3155 virginem.
1271 3070 1368 3136 Narn-

237 3208 298 3273 qne
323 3189 380 3270 qui
401 3190 508 3273 potuit
530 3190 633 3275 Syrus
661 3209 774 3258 servus
796 3188 1002 3256 meretricem
1029 3190 1062 3255 in
1087 3190 1282 3276 Clitiphonis
1304 3209 1369 3255 ma·

235 3307 295 3374 tris
315 3307 414 3376 fidem
438 3310 660 3377 committere?
703 3311 790 3377 Num
812 3329 907 3395 porro
929 3308 988 3374 illa
1009 3311 1111 3378 vestis
1131 3312 1289 3397 lugubris,
1311 3311 1369 3376 illa

236 3448 320 3496 anus
341 3429 549 3513 ancillaeque
579 3428 738 3504 sordidae
757 3431 912 3517 societas,
941 3432 1025 3498 illud
1044 3432 1181 3498 texendi
1203 3431 1369 3515 negotium

123 3637 130 3650 ι
237 3555 312 3615 sunt
333 3549 513 3616 meretricis
534 3551 728 3640 indicia¹⁸)?
771 3554 822 3618 An
846 3558 943 3638 putas
964 3551 1166 3637 Antiphilam
1188 3550 1276 3617 domi
1298 3551 1368 3635 qui-

238 3669 313 3737 dem
340 3669 509 3737 mulierem
537 3672 708 3739 honestam
737 3693 772 3740 se
803 3672 1019 3757 praestitisse,
1043 3691 1157 3738 verum
1178 3670 1212 3735 in
1236 3671 1368 3756 publico

306 3855 339 3926 1⁶)
357 3856 412 3912 Gfr.
426 3855 547 3914 hhinum.
563 3858 607 3914 ed.
625 3860 933 3918 sexametrum.
969 3857 1074 3915 Ritehl.
1093 3858 1166 3913 Prol.
1185 3857 1262 3915 Trin.
1281 3875 1308 3928 p.
1327 3859 1368 3913 30.

307 3957 339 4029 1⁷)
364 3958 420 4015 (lh.
446 3957 594 4029 Umpfenb.
624 3962 712 4031 praef.
744 3979 772 4033 p,
796 3964 836 4019 X:
865 3979 958 4032 neque
985 3979 1034 4019 nos
1060 3962 1189 4032 paenitet
1205 3961 1369 4031 Antiphilae

236 4061 373 4117 honestae
400 4060 520 4130 virginis
542 4064 639 4120 honori
658 4083 715 4123 non
734 4082 766 4122 eo
789 4068 932 4122 consulere
956 4066 1082 4124 voluisse
1102 4065 1179 4134 qnod
1196 4064 1279 4120 Haut.
1297 4063 1370 4132 11,4

236 4163 362 4218 mulieris
379 4179 434 4218 non
454 4167 610 4224 meretricis
627 4169 788 4227 charactere
809 4170 971 4241 insignitam
985 4166 1261 4224 eamindnxerimnsz
1280 4165 1370 4223 nesci·

237 4281 298 4322 mus
321 4269 394 4321 enim
417 4283 452 4322 an
476 4284 530 4324 non
548 4271 590 4326 illi
609 4269 783 4330 characteres
802 4274 838 4329 ad
858 4278 989 4330 ornatum
1009 4271 1150 4326 scenicum
1168 4269 1368 4338 spectaverint.
