3158 4814
838 245 858 311 2

278 416 473 502 „Lesbonici
494 422 537 498 E,
561 415 715 502 Lysitelis
739 421 781 500 Z,
811 414 994 482 (thamiris
1017 418 1063 499 Θ,
1086 413 1220 482 Stasimi
1241 419 1284 499 Κ,
1307 413 1408 498 Syco-

277 537 439 621 „phantae
454 539 496 601 Χ.
534 536 601 603 Ubi
623 536 651 602 si
669 535 839 603 miraberis
854 535 938 601 duas
952 554 1110 620 personas
1125 553 1278 603 una'esse
1294 557 1317 598 α
1331 540 1407 602 nota

277 656 461 740 ‚,signatas,
494 653 530 719 id
563 674 628 738 qua
661 655 789 721 ratione
822 661 953 738 regatur
988 672 1149 737 quamque
1182 652 1248 718 vim
1275 652 1406 737 haheat,

283 775 419 860 „paucis
446 794 533 840 nunc
560 773 747 857 significare
768 779 893 840 tantum
908 773 1007 841 liceat
1028 821 1037 838 .
1061 822 1068 838 .
1093 822 1101 838 .
1125 821 1133 837 .
1156 773 1228 839 Nisi
1245 772 1329 840 enim
1345 793 1411 839 om·

277 895 355 980 „nia
383 892 517 978 fallunt,
544 914 683 978 graecae
710 895 826 961 literae
848 892 926 960 illae
948 913 1014 959 non
1038 890 1261 976 distinguendi
1282 883 1431 959 tantum

277 1014 411 1098 „aliquo
426 1012 591 1080 scribendi
606 1011 799 1100 compendio
815 1012 1005 1094 inserviunt,
1023 1011 1082 1080 sed
1097 1011 1141 1077 ad
1152 1017 1298 1078 actarum
1309 1031 1409 1095 agen-

278 1131 480 1218 „darumque
502 1131 687 1198 fabularum
710 1131 883 1200 consilium
905 1138 1004 1220 atque
1033 1137 1226 1218 apparatum
1248 1137 1412 1215 spectant:

278 1252 347 1337 „ita
375 1251 523 1336 quidem,
559 1257 595 1317 ut
623 1270 706 1336 quae
734 1256 846 1336 partes
883 1257 963 1335 quot
992 1256 1025 1317 et
1056 1269 1193 1332 quorum
1221 1251 1412 1317 histrionum

282 1369 425 1454 „fuerint
447 1368 583 1436 totidem
603 1368 772 1435 literarum
794 1367 880 1434 notis
907 1368 1102 1436 declaretur.
1147 1369 1293 1454 Eamque
1314 1371 1412 1438 ratio·

284 1511 376 1570 „nem
399 1490 497 1557 etiam
519 1490 553 1555 in
573 1488 686 1555 Bemb.
711 1488 783 1555 cod.
804 1489 949 1556 Terentii
972 1489 1102 1576 cadere,
1125 1490 1159 1556 in
1180 1512 1244 1577 quo
1260 1511 1413 1578 persona-

277 1630 371 1695 „rum
392 1609 514 1678 notatio
537 1607 665 1693 graecis
687 1608 792 1675 literis
814 1607 904 1675 faeta
918 1630 979 1693 per
998 1629 1110 1676 omnes
1124 1609 1256 1677 fabulas
1271 1611 1412 1695 pertinet

285 1727 583 1814 ‚‚constantissime,
613 1727 677 1793 iam
706 1733 775 1793 tum
803 1727 883 1794 mihi
905 1728 995 1795 visus
1016 1748 1088 1795 sum
1109 1729 1318 1815 intellegere,
1341 1751 1415 1796 cum
1540 1815 1546 1828 ι

286 1869 381 1933 „eum
403 1847 520 1914 librum
544 1854 619 1915 ante
640 1847 700 1914 hos
722 1847 873 1914 XXXIII
900 1868 1003 1914 annos
1026 1850 1151 1917 curiose
1173 1849 1311 1916 tractavi

280 1969 417 2054 „Itaque
444 1968 508 2034 nisi
536 1988 587 2034 me
609 1988 684 2035 mea
704 1967 913 2035 ratiocinatio
944 1968 1045 2050 sallit,
1075 1969 1282 2037 Trinummus
1304 1970 1414 2054 aliquo

290 2093 421 2173 „aetate
450 2093 524 2152 acta
552 2094 603 2153 cst
624 2088 667 2152 ah
689 2087 900 2154 histrionibus
922 2092 1047 2170 septem
1068 2086 1168 2171 idque
1190 2088 1237 2153 ita
1258 2093 1295 2152 ut
1316 2085 1416 2152 (lalli-

284 2208 378 2293 ‚,olis‚
401 2208 477 2292 hys,
500 2208 596 2292 Lesb,
617 2205 744 2293 cham,
768 2207 909 2293 Stasim,
925 2207 1013 2293 Sys,
1027 2213 1140 2293 partes
1154 2207 1273 2293 singuli
1288 2212 1416 2274 actores

284 2328 508 2413 „sustinerent
533 2329 629 2396 unius
651 2335 760 2396 autem
780 2327 996 2414 eiusdemque
1015 2327 1134 2395 actoris
1149 2333 1182 2395 et
1196 2325 1417 2412 Megaronidis

282 2455 337 2533 „et
358 2448 519 2516 Philtonis
540 2455 651 2535 partes
673 2457 796 2517 essent:
821 2449 857 2514 id
886 2450 975 2535 quod
996 2470 1055 2535 per
1069 2449 1253 2535 argumenti
1269 2456 1301 2516 et
1316 2446 1418 2515 conti·

284 2568 462 2653 „nuitatem
493 2575 526 2636 et
552 2569 794 2637 vicissitudines
823 2577 1024 2655 actuumque
1051 2591 1090 2637 ao
1117 2589 1288 2638 scenarum
1314 2575 1348 2638 ct
1369 2568 1417 2632 in·

284 2686 444 2771 „stertitia
466 2695 499 2754 et
520 2707 626 2755 nexus
641 2675 907 2772 commodissime
923 2689 994 2756 fieri
1008 2688 1106 2757 facile
1122 2686 1342 2772 unusquisque
1358 2707 1416 2773 pro

284 2829 340 2892 „se
363 2807 507 2892 experiri
530 2808 680 2894 poterit.“

374 2925 467 3003 Quae
507 2925 570 2991 viri
603 2925 719 2992 summi
751 2926 892 3010 suspicio
925 2926 1023 2994 valde
1058 2925 1278 3011 compluribus
1309 2945 1416 2992 rerum

285 3046 554 3114 Terentianarum
582 3047 735 3114 studiosis
764 3046 938 3114 adridebat
967 3047 1056 3115 etin
1080 3045 1151 3113 dies
1172 3046 1277 3131 magis
1298 3044 1417 3130 magis·

285 3187 348 3251 que
370 3166 608 3250 philologorum
631 3165 756 3234 animos
771 3166 815 3233 ad
831 3187 904 3235 sese
927 3166 1146 3237 convertebat.
1181 3165 1259 3231 Post
1273 3163 1419 3232 Bitscho-

284 3285 365 3351 lium
390 3284 453 3351 hao
481 3284 515 3349 in
543 3285 737 3369 quaestione
763 3286 969 3354 illustranda
997 3292 1145 3355 versatus
1167 3292 1217 3354 est
1238 3286 1360 3369 primus
1383 3285 1417 3349 0.

287 3402 502 3490 Steffenins²lt
533 3411 632 3490 atque
653 3405 715 3491 ita,
739 3414 775 3474 ut
796 3407 1023 3494 praeceptoris
1046 3406 1263 3491 suspicionem
1285 3415 1439 3469 accurs-⁸

286 3523 413 3590 tissima
430 3533 578 3591 notarum
597 3527 840 3596 examinatione
859 3528 1010 3595 omnibus
1028 3548 1070 3595 ex
1088 3525 1235 3612 partibus
1251 3523 1419 3590 confirma-

287 3647 456 3726 rotatque
477 3643 646 3709 stabiliret.
677 3644 749 3712 Nec
771 3645 868 3713 aliter
877 3645 1062 3730 nuperrime
1076 3643 1212 3711 Carolus
1229 3642 1420 3726 Duiatnlro³)

287 3782 327 3828 ac
359 3761 541 3829 Guilelmus
562 3763 746 3848 Wagnerus
755 3767 779 3844 ⁴)
807 3785 916 3851 pauca
949 3762 991 3834 de
1018 3763 1107 3831 illius
1132 3763 1285 3849 opinione
1307 3763 1419 3829 immu-

286 3887 395 3949 tantes
416 3880 655 3950 iudicaverunt.

373 4051 395 4124 ²)
413 4051 476 4110 Act
495 4052 591 4110 societ.
609 4052 705 4124 philol.
725 4054 801 4128 lips.
822 4055 867 4114 cd.
884 4056 915 4114 F.
934 4055 1072 4116 Bitschel.
1089 4063 1112 4114 t.
1130 4057 1167 4113 ll.
1184 4072 1212 4128 p.
1233 4055 1282 4112 109
1297 4052 1342 4110 69.

372 4152 395 4224 ³)
412 4153 476 4210 Jcn
495 4155 625 4226 Lit-Ztg.
645 4157 719 4215 1874.
737 4175 765 4228 p.
784 4159 827 4216 29.
957 4241 960 4248 ¹

373 4256 397 4328 ⁴)
415 4256 627 4315 Jahresherlcht
643 4275 701 4318 von
717 4261 845 4318 Bursian.
873 4261 949 4319 1813.
979 4263 1048 4320 Heft
1064 4263 1089 4320 4.
1107 4280 1135 4334 p.
1153 4261 1214 4318 445.
