3158 4814
850 314 870 380 6

298 486 401 552 instar
438 505 497 569 pro
535 484 800 552 interlocutorum
834 483 1015 556 initialibus
1056 484 1101 552 ad
1135 485 1265 553 tabulas
1301 486 1428 553 adhibi·

299 613 353 674 tae
376 609 461 672 sunt.

386 723 457 792 Etsi
479 729 588 792 autern
609 723 663 790 hic
684 743 841 808 personas
865 724 1083 792 distribuendi
1103 724 1219 792 modus
1239 746 1284 794 ex
1298 734 1431 795 nostrae

300 845 417 914 mentis
443 843 632 928 ingeniique
658 851 775 912 natura
804 845 902 914 valde
931 843 1061 912 videtur
1082 845 1233 913 insolitus
1256 867 1296 914 ac
1318 847 1429 933 mirus,

299 967 414 1048 inquo
436 965 547 1032 nescio
569 984 612 1029 an
633 964 748 1034 merito
770 964 983 1051 offendamus,
1009 971 1154 1032 attamen
1177 966 1213 1034 id
1228 967 1429 1053 potissimum

299 1095 411 1158 tenere
435 1087 590 1154 debemus
604 1084 704 1169 idque
719 1105 851 1169 cavere,
873 1106 916 1154 ne
931 1094 1113 1154 nostrorum
1129 1092 1308 1170 temporum
1322 1108 1430 1155 mores

298 1207 445 1291 ritusque
475 1227 548 1273 cnm
574 1205 720 1291 pristinis
748 1204 985 1272 confundamus
1012 1227 1096 1276 neve
1124 1226 1209 1290 quae
1234 1207 1333 1275 hodie
1355 1195 1439 1274 sunt'

298 1333 371 1395 rata
399 1333 498 1412 atque
526 1332 682 1410 usurpata
709 1325 809 1395 otiam
836 1325 871 1392 in
901 1325 1097 1410 antiquitate
1124 1326 1297 1395 credamus
1318 1327 1431 1396 fuisse.

298 1447 449 1530 Namque
476 1447 505 1513 si
532 1447 652 1514 erimus
679 1444 857 1530 recordati,
892 1453 1094 1532 quantopere
1127 1447 1276 1513 codicum
1303 1448 1430 1514 librarii

301 1568 447 1651 aliquam
473 1565 596 1633 laboris
617 1571 742 1650 partem
765 1566 863 1632 certis
884 1566 1081 1650 quibusdam
1104 1567 1290 1651 compendii
1309 1569 1432 1636 normis

299 1708 339 1754 ac
361 1687 510 1754 formulis
531 1685 688 1752 adhibitis
702 1685 846 1754 minuere
861 1686 1055 1768 studuerint,
1078 1707 1174 1772 porro
1192 1687 1220 1754 si
1236 1687 1430 1772 cogitaveri·

298 1827 370 1874 mus
391 1843 434 1856 -
456 1797 699 1890 quodquidam
721 1807 782 1875 hac
797 1807 832 1873 in
847 1827 883 1873 re
908 1806 1132 1892 intellegenda
1144 1808 1259 1874 summi
1275 1808 1431 1874 momenti

300 1947 371 1996 csse
406 1927 480 1994 dico
504 1964 544 1975 -·
572 1926 785 2009 complurium
817 1926 1086 1994 interlocutorum
1122 1928 1255 1993 nomina
1287 1950 1353 1995 non
1386 1948 1430 1996 ex

299 2047 405 2132 prima
432 2046 529 2114 modo
552 2045 668 2115 eadem
689 2045 786 2114 litera
810 2045 967 2130 exordiri,
991 2067 1105 2114 verum
1128 2049 1227 2114 etiam
1249 2047 1430 2114 identidem

300 2187 343 2236 ex
367 2167 504 2248 duabus,
528 2166 606 2250 quin
628 2186 672 2234 ex
695 2167 807 2250 tribus,
830 2165 901 2233 fieri
915 2167 1060 2250 potuisse
1083 2168 1144 2233 erit
1159 2175 1431 2253 consentaneum,

299 2294 335 2354 nt
363 2307 436 2354 cnm
462 2286 699 2353 commoditatis
727 2292 916 2352 causatum
939 2287 1148 2360 obscuritatis
1170 2287 1346 2353 initialium
1368 2307 1430 2354 usu

298 2405 503 2474 necessariae
536 2405 711 2484 evitandae
745 2407 852 2490 gratia
885 2405 1040 2472 librarius
1075 2427 1135 2475 sua
1168 2415 1283 2492 sponte
1312 2427 1430 2474 novam

298 2526 451 2610 signandi
475 2547 620 2593 normam
644 2532 817 2610 quaereret
845 2531 878 2593 et
905 2526 964 2592 has
987 2532 1081 2593 notas
1104 2546 1241 2612 graecas
1263 2529 1430 2610 reperiret.

299 2647 348 2712 Ea
370 2652 480 2736 autern
502 2665 611 2729 causa,
635 2665 733 2729 quam
750 2645 926 2714 Steiienius
948 2646 1009 2712 sibi
1030 2646 1124 2731 fingit
1145 2648 1325 2731 „aptiorem
1340 2667 1434 2732 grae·

300 2785 410 2834 carum
438 2765 608 2831 literarum
629 2785 724 2831 usum
745 2764 913 2832 codicibus
933 2786 1005 2832 esse
1021 2765 1210 2833 maiusculis
1225 2767 1337 2834 latinis
1352 2766 1431 2833 scri·

299 2886 394 2971 ptis“,
416 2885 514 2952 nimis
536 2884 634 2952 oredo
658 2884 742 2951 levis
764 2890 814 2952 est
834 2905 932 2968 quam
949 2892 985 2951 nt
1001 2887 1188 2954 accuratius
1204 2907 1276 2954 earn
1291 2888 1431 2971 attinga-

299 3025 379 3072 mus.
417 3004 542 3084 Quodsi
564 3025 642 3074 vero
665 3005 817 3090 opponit,
841 3025 920 3089 „cur
946 3005 1100 3092 (librarii)
1123 2987 1177 3073 ad¹
1190 3007 1433 3076 distribuendos

299 3126 446 3211 personis
476 3144 641 3194 sermones
668 3146 734 3191 non
763 3124 973 3192 adhibuerint
1005 3147 1062 3196 eas
1090 3127 1202 3195 literas
1229 3147 1380 3213 graecas,
1411 3147 1433 3194 a

300 3245 424 3330 quihus,
447 3245 578 3312 nomina
606 3244 791 3330 ordiantur,
822 3245 943 3331 qnippe
970 3266 1090 3330 graeca
1111 3268 1183 3326 esse
1206 3248 1433 3334 cognomina“,

299 3365 335 3432 id
357 3365 445 3450 quod
467 3366 562 3433 modo
579 3364 620 3433 dc
636 3365 817 3433 initialibus
838 3366 1003 3432 nominum
1019 3367 1192 3435 simillimis
1209 3367 1432 3444 dissernimus,

300 3486 332 3554 ei
354 3506 420 3552 non
441 3487 476 3550 in
497 3493 638 3555 mentem
653 3485 754 3554 venit.
786 3484 873 3554 Sane
888 3487 923 3551 in
938 3485 1082 3556 initiales
1096 3507 1233 3574 graecas
1248 3507 1314 3554 non
1325 3504 1432 3570 aequo

301 3605 419 3674 cadere
442 3607 636 3675 sententiam
658 3612 801 3674 nostram
819 3607 976 3691 concedo,
1003 3614 1157 3692 attamen,
1181 3606 1309 3676 etiamsi
1324 3625 1433 3691 panca

299 3726 564 3794 interlocutorum
579 3727 851 3795 Terentianorum
873 3727 1007 3794 nomina
1029 3727 1070 3793 ab
1095 3726 1212 3794 iisdem
1234 3726 1362 3794 initium
1378 3745 1432 3792 ca·

299 3845 392 3928 piant
413 3845 516 3912 literis
538 3846 640 3914 latine
663 3845 794 3933 scripta,
818 3867 941 3931 graece
964 3853 1077 3914 contra
1093 3853 1230 3914 exarata
1245 3868 1267 3912 a
1283 3845 1433 3928 diversis,

299 3966 392 4033 velut
419 3965 582 4034 Phaedria
610 3988 650 4034 ac
678 3967 829 4054 Pythias,
860 3987 997 4052 quorum
1025 3968 1082 4036 ille
1112 3971 1142 4031 u>
1170 3968 1253 4036 haec
1274 3971 1309 4030 Π
1332 3965 1434 4034 habet

299 4086 475 4169 initialem,
504 4094 552 4157 tot
580 4096 703 4158 restant
731 4089 864 4157 nomina
890 4089 979 4173 apud
1001 4088 1107 4173 ipsum
1134 4087 1323 4156 Terentium
1346 4106 1433 4170 quae

300 4227 421 4291 graeca
448 4209 609 4293 scriptura
637 4209 721 4276 nihil
749 4218 995 4280 commutentur.
1033 4211 1104 4279 Nee
1125 4209 1285 4276 immerito
1309 4208 1363 4275 vel
1385 4214 1432 4274 te·

299 4345 388 4395 more
421 4346 473 4396 me
506 4327 569 4395 hac
602 4327 636 4394 in
665 4326 859 4396 difficultate
893 4336 1043 4396 notarum
1072 4327 1232 4413 originem
1263 4345 1432 4414 quaerere,
