3158 4814
834 237 875 302 26

290 427 363 474 eam
394 405 581 472 fabularum
614 403 814 487 agendarum
848 404 1023 489 rationem,
1063 425 1148 488 quae
1185 413 1302 474 natura
1338 406 1420 473 duce

283 533 402 608 ,exorta
424 531 488 612 est,
511 545 577 610 qua
600 524 741 608 optimae
765 525 956 609 optimorum
980 532 1150 611 poetarum
1172 525 1324 610 fabulae,
1349 525 1421 591 dico

289 646 399 713 Plauti
421 655 525 728 atque,
544 644 706 728 Terentii,
737 651 837 712 antea
859 650 954 710 actae
983 651 1073 728 sunt,
1103 664 1168 728 qua
1197 646 1296 712 etiarn
1324 645 1420 714 hodie

288 787 348 836 uos
375 767 511 850 utimur,
550 764 658 832 subito
686 764 788 830 larvis
817 762 959 830 inducds
986 764 1175 833 desererent
1201 765 1420 849 Wagnerique

288 886 450 953 rationem
470 885 512 951 ab
535 884 624 950 omni
646 890 764 949 natura
793 883 947 966 omnique
969 891 1039 951 arto
1068 883 1249 952 aesthetica
1278 885 1421 952 alienam

290 1005 469 1091 eligerent?
512 1004 599 1069 Num
627 1003 857 1072 arbitrabimur
886 1023 1045 1087 unquam,
1069 1025 1126 1071 eos
1153 1003 1341 1090 histriones,
1365 1007 1421 1090 qui

289 1127 344 1193 vel
376 1126 501 1194 saeculi
530 1125 659 1209 septimi
685 1123 750 1190 fine
780 1126 835 1190 vel
857 1124 965 1190 octavi
992 1123 1085 1190 initio
1114 1125 1271 1210 populum
1303 1126 1422 1192 Roma·

289 1267 366 1312 num
390 1245 609 1329 delectarunt,
633 1249 732 1328 atque
755 1241 841 1310 adeo
862 1244 1018 1312 Roscium
1039 1244 1146 1328 ipsum
1162 1245 1257 1310 nimis
1281 1265 1324 1319 ex
1347 1246 1419 1329 pul·

288 1365 438 1432 monibus
469 1365 692 1448 lateribusque
725 1365 894 1430 laborasse
927 1384 988 1432 nec
1021 1370 1113 1430 tanta
1140 1364 1231 1440 vocis
1257 1366 1291 1430 vi
1320 1365 1420 1433 fu'rsse

290 1486 455 1570 praeditos
478 1490 601 1568 quanta
622 1485 732 1550 Plauti
753 1484 966 1568 Terentiique
989 1484 1107 1550 aetatis
1129 1483 1324 1552 histriones?

374 1605 466 1672 Haec
488 1604 568 1670 mihi
590 1604 722 1688 quidem
740 1603 955 1670 contradictio
976 1625 1048 1672 esse
1064 1605 1208 1688 videtur,
1231 1589 1419 1688 quaenulla

288 1724 550 1809 ratiocinatione,
576 1725 668 1790 nulla
693 1723 834 1791 fontium
856 1731 1040 1791 nostrorum
1070 1725 1342 1808 interpretatione
1364 1746 1419 1810 po·

290 1846 368 1913 terit
389 1844 471 1912 tolli.

376 1965 493 2032 Cetera
515 1984 611 2048 quae,
634 1963 809 2047 quominus
832 1963 1032 2030 Dziatzkoni
1059 1968 1159 2047 atquo
1187 1965 1348 2049 Wagnero
1370 1985 1419 2032 as·

289 2092 463 2168 sentemur,
486 2104 546 2152 nos
567 2083 751 2169 probibent,
777 2083 842 2149 iam
865 2103 967 2167 supra
991 2085 1324 2152 commemoravimus.

375 2223 516 2290 Proinde
546 2222 719 2290 reiciamus
748 2221 848 2290 etiam
876 2223 1015 2288 alteram
1039 2220 1080 2288 de
1106 2241 1319 2306 personarum
1334 2223 1418 2289 notis

287 2342 321 2408 in
345 2342 514 2410 codicibus
535 2343 743 2410 Terentianis
766 2341 972 2410 sententiam.

375 2667 441 2735 Sed
464 2674 613 2752 superest
634 2667 777 2752 aliquid,
807 2668 894 2751 quod
918 2667 1021 2734 critici
1045 2667 1194 2734 acerrimi
1216 2671 1331 2752 poscat
1354 2687 1420 2731 ma-

288 2808 375 2854 num.
421 2788 508 2853 Nam
530 2787 615 2856 adeo
639 2795 688 2855 est
712 2786 856 2873 difficile,
879 2788 963 2856 adeo
987 2788 1108 2855 subtile
1132 2787 1283 2871 adeoque
1306 2788 1420 2853 obscu-

287 2929 366 2992 rum,
390 2915 427 2975 ut
448 2910 506 2975 vix
529 2928 682 2992 unquam,
707 2913 865 2992 quantum
881 2909 1034 2992 equidem
1050 2907 1237 2993 praevideo,
1261 2907 1419 2992 possitex

286 3029 430 3096 tenebris
458 3029 551 3114 eripi.
601 3030 778 3112 Postquam
812 3029 897 3096 enirn
929 3035 962 3096 et
984 3028 1135 3096 Steffenii
1158 3033 1190 3094 et
1212 3027 1350 3093 aliorum
1372 3047 1419 3093 re·

289 3149 405 3234 dargui
427 3150 628 3236 opinionem,
658 3155 831 3233 postquam
858 3154 1004 3217 veterem
1026 3147 1223 3216 sententiam
1250 3147 1421 3213 iubarum

286 3271 394 3335 locum
416 3270 552 3354 restitui,
576 3269 706 3337 exsistit
730 3268 807 3334 mihi
829 3290 915 3336 nova
938 3269 1103 3356 quaestio,
1128 3268 1261 3352 quando
1290 3267 1423 3334 tandem

286 3390 364 3458 illae
390 3398 488 3458 notae
514 3390 549 3455 in
577 3390 679 3456 libros
697 3391 922 3458 .Terentianos
950 3390 1106 3456 inductae
1133 3389 1206 3455 sint.
1243 3387 1422 3471 Septimum

287 3531 319 3594 p.
348 3509 423 3576 Ohr.
453 3531 484 3576 n.
514 3511 683 3578 saeculum
716 3518 814 3598 atque
844 3516 995 3578 octavum
1028 3510 1095 3576 iam
1125 3530 1146 3576 a
1174 3506 1334 3594 principio
1364 3485 1421 3571 ab·

286 3631 495 3715 negavimus;
519 3630 653 3697 offertur
667 3630 766 3714 igitur
772 3632 928 3716 temporis
941 3632 1083 3715 spatium
1097 3629 1175 3695 inde
1184 3628 1226 3693 ab
1243 3646 1330 3694 saec.
1342 3625 1423 3693 VIII

286 3770 391 3834 usque
421 3772 471 3836 eo,
497 3770 570 3816 cum
594 3757 729 3817 exortus
752 3758 801 3817 est
821 3751 1004 3818 Bembinus.
1051 3750 1201 3828 Quantus
1228 3747 1424 3831 relinquitur

287 3889 436 3954 campus,
465 3869 499 3934 in
528 3890 591 3953 quo
615 3869 782 3937 exsultare
813 3872 914 3954 possit
942 3871 1122 3955 vagarique
1145 3867 1312 3953 ingenium
1336 3865 1421 3931 eriti-

287 3994 374 4057 cumi
419 3991 560 4058 Unicum
588 3989 687 4057 credo
721 3989 900 4074 auxilium,
931 3991 1018 4074 quod
1048 4010 1145 4074 quam
1175 3987 1351 4054 maximam
1380 3984 1422 4052 de

286 4116 436 4177 notarum
447 4117 594 4197 tempore
607 4109 872 4196 probabilitatem
884 4110 979 4179 nobis
995 4119 1094 4195 queat
1106 4129 1233 4194 parare,
1257 4128 1299 4174 ex
1315 4105 1422 4193 ipsius

285 4231 434 4298 Bembini
456 4231 702 4299 accuratissima
725 4231 1003 4316 contemplatione
1031 4229 1209 4315 petendum
1240 4235 1299 4294 est.
1351 4226 1422 4304 Quo
