3158 4814
674 248 713 312 27

127 426 235 487 autem
259 418 406 486 subsidio
432 439 505 484 eum
528 437 638 485 carere
663 417 855 503 debeamus,
881 419 914 484 in
942 439 980 487 eo
1004 417 1092 500 quod
1115 417 1182 484 alia
1204 418 1259 484 via

127 540 303 608 enucleare
332 539 510 623 poterimus
539 537 815 622 acquiescendum
841 538 936 605 nobis
965 545 1024 606 est.
1070 540 1140 624 ugo
1170 559 1258 604 nunc

124 660 173 726 ita
193 680 213 726 a
237 659 356 726 dtinem
381 665 528 742 optatum
550 659 724 742 pervenire
747 663 884 726 conatus
907 679 986 744 sum,
1020 665 1055 726 ut
1084 679 1127 726 ex
1148 678 1257 743 perso-

124 800 240 846 narum
270 779 526 864 significatione,
559 799 644 863 quae
675 780 709 844 in
740 778 814 845 aliis
846 778 1015 846 codicibus
1047 779 1179 846 fabulas
1203 781 1257 846 vel

125 897 275 984 dialogos
308 899 550 968 continentibus
582 899 773 983 exhibetur,
808 897 1010 982 potissimum
1042 899 1077 964 in
1101 900 1257 967 Bembino

123 1019 357 1087 vetustioribus
372 1019 498 1103 aliquid
517 1019 545 1086 si
560 1040 626 1085 non
644 1020 733 1102 certi,
757 1025 867 1085 tamen
879 1019 1073 1087 verisimilis
1085 1019 1258 1088 efficerem.

125 1139 175 1205 Ac
199 1140 337 1224 primum
367 1140 499 1224 quidem
527 1139 691 1223 quaesivi,
730 1139 863 1222 quinam
892 1147 1004 1224 posset
1032 1140 1195 1224 intellegi,
1224 1139 1258 1204 in

124 1260 235 1326 Plauti
259 1260 371 1327 codice
387 1260 505 1327 Vetere
529 1265 676 1326 servatas
697 1278 769 1325 esse
792 1258 905 1325 harum
928 1265 1078 1326 notarum
1092 1258 1259 1343 reliquias,

122 1380 243 1445 nonin
266 1381 478 1464 palimpsesto
500 1385 553 1464 A,
586 1378 671 1446 libro
700 1378 798 1464 longe
821 1379 1062 1446 vetustissimo?
1097 1379 1259 1446 Deillius

125 1499 257 1584 quidem
291 1501 377 1568 notis
408 1501 609 1567 canticorum
640 1507 673 1567 et
711 1500 929 1566 diverbiorum
963 1500 1045 1566 Oet
1070 1500 1131 1565 DV
1154 1499 1259 1583 potuit

122 1621 246 1688 amicus
268 1640 370 1705 meus,
393 1621 435 1686 Μ.
447 1618 728 1704 Niemeyerus²1)‚
753 1625 867 1685 contra
888 1639 954 1703 eos,
978 1620 1034 1704 qui
1056 1620 1131 1687 hinc
1148 1619 1189 1688 de
1205 1641 1258 1688 co-

122 1741 207 1808 dicis
233 1747 264 1804 Β
285 1740 383 1807 tonte
411 1739 627 1805 Ambrosiano
656 1739 763 1823 priore
790 1740 1006 1823 collegerunt,
1037 1740 1160 1808 dicere:
1195 1741 1260 1824 „At

120 1861 229 1944 ‚,enim
252 1860 286 1926 in
310 1858 423 1925 codice
445 1863 476 1920 Β
499 1865 598 1925 notae
626 1858 705 1925 illac
728 1857 901 1925 verborum
924 1858 1043 1924 cantici
1065 1867 1098 1926 et
1121 1858 1260 1926 diverbii

124 1986 237 2064 ,‚sunt,
262 1999 399 2063 quarum
421 1978 456 2043 in
480 1979 692 2063 palimpsesto
719 1979 846 2044 nullum
868 1984 917 2045 est
938 1978 1123 2063 vestigium.
1159 1980 1260 2064 Atqui

123 2101 331 2187 „quaerimus
354 2100 476 2184 exiis,
500 2100 556 2184 qui
578 2100 833 2167 Ambrosianum
854 2101 972 2166 librum
995 2099 1156 2183 viderunt,
1181 2121 1258 2184 quo·

122 2221 230 2307 „tiens
253 2241 422 2288 scenarum
445 2221 754 2305 superscriptiones,
783 2219 818 2285 in
841 2219 960 2304 quibus
981 2220 1059 2286 illae
1082 2207 1180 2287 notae
1202 2241 1258 2287 ex·

121 2347 377 2426 „spectarentur,
402 2340 546 2407 dilucide
569 2343 681 2425 legere
705 2339 902 2425 potuerint“,
926 2340 985 2407 sed
1006 2339 1095 2407 idern
1116 2361 1188 2406 non
1205 2360 1257 2406 ca-

124 2462 217 2529 deret
238 2462 273 2526 in
294 2467 421 2526 nostras
436 2468 531 2526 notas
543 2459 668 2543 quippe
685 2479 770 2542 quae
785 2459 907 2543 ubique
920 2465 1029 2527 essent
1041 2459 1257 2543 detegendae.

121 2581 250 2664 Nonne,
273 2579 301 2646 si
322 2584 420 2646 notae
436 2599 541 2663 paens
557 2578 601 2644 ad
616 2579 762 2646 Terentii
777 2584 919 2646 aetatem
934 2576 1126 2646 referendae
1140 2585 1256 2662 essent,

123 2700 299 2768 admodum
334 2706 419 2766 csset
452 2699 584 2782 mirum,
619 2698 707 2782 quod
740 2700 774 2764 in
804 2698 982 2766 vetustiore
1016 2698 1130 2766 codice
1162 2697 1258 2766 nobis

123 2819 250 2904 desunt,
274 2825 407 2887 exstant
421 2819 455 2884 in
471 2818 674 2902 posteriore?
701 2820 818 2892 Nonne
832 2819 978 2886 maxime
994 2825 1258 2899 exspectaremus

124 2941 223 3008 etiam
245 2941 279 3006 in
296 2939 511 3006 Ambrosiano
535 2947 680 3006 actorum
702 2941 820 3007 notas?
853 2940 926 3005 Huc
949 2939 977 3006 si
1001 2938 1160 3006 addidero
1183 2939 1258 3006 reli-

123 3081 203 3146 quos
225 3061 382 3128 Bembino
413 3060 613 3143 antiquiores
641 3059 757 3141 libros,
786 3061 878 3126 velut
901 3080 990 3143 eum,
1012 3059 1046 3125 in
1069 3076 1132 3142 quo
1155 3058 1258 3125 Phae·

122 3180 244 3247 thontis
266 3179 485 3263 Euripidei22)
510 3180 693 3264 fragmenta
714 3179 891 3248 memoriae
914 3179 1035 3246 tradita
1059 3185 1148 3258 sunt,
1174 3177 1258 3243 illud

122 3300 238 3366 Iliadis
265 3298 483 3383 fragmentum
510 3300 751 3384 Elephantinac
780 3299 944 3366 detectum
952 3298 1009 3383 23),
1037 3297 1176 3382 Vergilii
1204 3318 1257 3364 co·

123 3421 229 3490 dicem
251 3421 286 3484 F
302 3417 407 3503 (apud
428 3417 673 3505 Ribbeckium),
708 3419 866 3503 praebere
898 3420 1022 3483 nullam
1055 3419 1153 3519 aliam
1187 3439 1259 3502 per-

122 3559 273 3608 sonarum
288 3537 569 3624 significationem,
582 3538 646 3607 nisi
660 3540 760 3606 totius
775 3537 916 3605 nominis
930 3539 985 3604 vel
999 3537 1135 3606 initialis
1151 3537 1256 3622 unius,

123 3661 277 3743 duorum,
313 3659 341 3726 si
377 3678 490 3744 parem
522 3658 771 3726 interlocutores
801 3658 922 3726 babent
950 3658 1125 3743 initialem,
1154 3678 1257 3742 usum,

190 3863 225 3932 2¹)
244 3863 286 3919 Dc
298 3863 392 3919 Plauti
404 3864 559 3921 fabularum
571 3865 736 3922 recensione
747 3866 862 3934 duplici.
886 3866 961 3922 Diss.
970 3864 1062 3935 inaug.
1073 3864 1163 3920 Bercl.
1181 3863 1257 3918 1877.

190 3968 226 4038 2²)
244 3965 321 4022 Edit.
340 3983 364 4022 a.
380 3965 413 4022 G.
427 3967 585 4022 Hermanno
603 3970 632 4023 in
651 3969 753 4038 Opusc.
771 3976 792 4025 t.
811 3968 862 4023 ΙΙΙ.
875 3967 985 4036 Fragm.
999 3968 1059 4023 duo.
1073 3965 1257 4021 Phaethontis

125 4085 149 4124 e.
163 4072 223 4126 cod.
238 4069 357 4125 Glarom.
369 4070 412 4126 ed.
425 4069 499 4126 (iod.
512 4071 607 4126 Herm.
619 4071 716 4140 Progr.
737 4071 784 4142 (4).
813 4071 890 4140 Lips.
909 4072 985 4126 1821.
996 4069 1101 4137 Nauck,
1119 4067 1172 4136 irg.
1185 4074 1256 4135 trag.

191 4172 225 4242 ²⁸)
251 4172 306 4230 Otr.
330 4172 490 4242 Cambridg.
513 4172 581 4243 phil.
605 4173 675 4230 llus.
701 4175 724 4238 Ι,
747 4175 797 4228 177
816 4175 858 4231 59.
899 4174 958 4230 Hoc
990 4175 1019 4227 in
1046 4171 1141 4227 codice
1167 4175 1257 4226 toturn

124 4290 224 4331 nomen
241 4275 395 4345 praefixum
414 4283 465 4333 est.
