3158 4814
795 247 837 316 24

334 425 384 490 De
413 423 516 509 signis
547 422 688 504 denique
716 421 879 488 Plautinis
907 421 931 486 0
954 429 987 488 et
1010 422 1070 487 DV
1091 423 1206 507 paucis
1228 441 1310 507 opus
1332 429 1381 490 est

247 544 367 612 verbis.
413 543 504 622 Quae
529 544 680 627 quamvis
701 523 835 609 firmiter
856 541 1084 626 antiquitatem
1107 559 1264 609 summam
1287 544 1381 610 redo·

247 667 315 732 le'ie
335 664 467 730 credam
482 649 687 746 habeamque
699 673 900 747 persuasum,
922 669 1031 728 tamen
1044 661 1143 729 valde
1154 663 1290 729 miratus
1301 663 1382 747 quid

250 785 294 850 ad
309 789 453 850 nostram
469 783 694 867 quaestionem
706 783 876 864 attineant,
900 782 1016 866 quibus
1032 781 1173 848 vinculis
1196 801 1269 848 cum
1290 783 1382 848 Bern-

247 905 318 971 bini
345 904 432 970 notis
459 902 524 970 sint
548 903 760 985 coarctanda,
789 903 824 968 in
853 923 920 987 quo
953 901 1085 986 quidem
1121 902 1235 968 codiee
1263 902 1381 969 desunt

247 1033 392 1108 prorsas,
413 1024 588 1107 interrogo.
639 1021 749 1100 uulda
771 1023 860 1106 qnod
886 1023 969 1089 liaeo
996 1020 1092 1105 signa
1120 1021 1381 1088 doctissimorum

251 1145 538 1229 grammaticorum
562 1144 691 1211 demum
714 1142 915 1227 temporibus
937 1143 971 1208 in
999 1143 1102 1209 libros
1123 1161 1223 1206 manu
1245 1141 1382 1224 scriptos

250 1265 388 1329 inducta
411 1268 494 1346 suut,
517 1261 635 1330 iisdem
657 1263 871 1347 temporibus,
902 1263 1019 1346 quibus
1041 1279 1155 1328 versus
1178 1261 1285 1344 coepti
1307 1267 1382 1327 sunt

253 1383 430 1468 distinguit
475 1382 617 1449 Nostrae
640 1389 748 1448 autem
776 1388 891 1465 notae,
924 1383 951 1448 si
979 1397 1194 1466 personarum
1229 1381 1379 1447 distribu-

174 1558 177 1566 ,
247 1505 370 1571 tionem
404 1501 613 1586 exhiberent,
646 1521 690 1569 ex
723 1502 798 1586 ipsa
841 1509 1003 1586 actorum,
1041 1522 1083 1568 ne
1120 1501 1228 1568 dicam
1260 1502 1380 1568 Teren·

248 1625 301 1708 tii,
331 1630 457 1707 aetate,
488 1642 554 1706 qua
581 1622 713 1706 quidem
739 1621 872 1689 tabulae
889 1621 1120 1690 ¹Terentianae
1148 1621 1279 1706 publice
1305 1641 1381 1705 age-

250 1747 368 1812 bantur
390 1743 548 1827 originem
570 1748 767 1826 rcpcterent.
812 1743 988 1809 Praeterea
1014 1763 1055 1808 ne
1077 1742 1112 1807 id
1135 1741 1267 1826 quidem
1288 1759 1381 1824 prae-

249 1863 441 1932 tereundum
464 1869 528 1946 est,
558 1863 618 1929 has
642 1862 666 1927 0
690 1869 723 1930 et
745 1863 805 1929 DV
828 1882 901 1929 esse
922 1864 1036 1929 literas
1056 1862 1186 1944 latinas,
1208 1865 1303 1926 notas
1325 1880 1381 1926 au·

249 1991 314 2052 tem
336 1982 487 2050 Bembini
511 2001 657 2066 graecas.
701 1983 788 2066 Ergo
810 1983 922 2048 valeat
944 1981 1030 2049 istud
1052 1988 1287 2065 argumentum.

333 2103 430 2169 Nunc
458 2102 592 2170 tandem
620 2122 659 2169 co
693 2102 883 2186 pervenisse
903 2102 984 2168 milri
1010 2102 1145 2186 videor,
1174 2108 1210 2168 ut
1233 2098 1383 2168 Stcilcnii

250 2223 447 2291 sententiam
494 2223 613 2289 cadere
656 2222 690 2286 in
727 2222 876 2289 Bembini
919 2229 1014 2289 notas
1057 2240 1179 2306 negare
1214 2242 1279 2288 non
1316 2220 1382 2286 iam

250 2343 406 2410 dubitem.
462 2342 633 2426 Quidquid
666 2341 752 2408 enim
788 2342 846 2408 ille
881 2363 925 2409 ex
959 2342 1045 2409 notis
1077 2343 1158 2427 ipsis
1184 2341 1312 2424 elicuit,
1349 2337 1386 2402 id

255 2466 291 2530 iu
313 2471 485 2548 utramque
508 2469 634 2547 partem
657 2462 866 2556 interpretari
885 2469 1087 2548 poteramus;
1114 2463 1195 2547 quin
1224 2461 1322 2528 etiam
1345 2479 1386 2526 ea

249 2583 384 2651 fuerunt
413 2584 484 2649 eius
513 2589 721 2667 argumenta,
749 2587 785 2647 ut
813 2588 925 2649 nostra
947 2586 1064 2666 regula
1091 2583 1218 2650 sancita
1239 2582 1274 2646 in
1296 2596 1385 2646 meas

250 2710 360 2787 partes
389 2703 566 2770 transirent
585 2702 814 2786 'cuspidesque
837 2702 872 2767 in
891 2709 1062 2770 wauctorem
1090 2723 1185 2770 suum
1213 2704 1385 2769 verterent.

252 2824 322 2888 Iam
344 2830 413 2889 tum
438 2843 511 2889 cum
533 2823 673 2906 primum
701 2828 797 2888 notas
819 2823 938 2888 mutari
966 2823 1201 2904 emendarique
1224 2821 1386 2901 vetabam,

253 2943 404 3010 Stei’enii
427 2943 568 3008 fulcrum
590 2941 902 3024 fundamentumque
922 2943 1067 3008 evanuit.
1111 2941 1212 3008 Simul
1232 2937 1388 3024 Wagneri

253 3083 384 3148 quoque
406 3063 685 3146 Dniatzkonisque
709 3061 895 3145 opinionem
910 3060 1106 3128 infirmatam
1128 3081 1199 3129 csse
1223 3067 1256 3128 et
1276 3059 1387 3144 paullo

254 3184 443 3267 depressam
458 3204 553 3253 nemo
566 3201 633 3250 non
655 3181 763 3264 vidct3
793 3188 937 3248 attamen
953 3183 1084 3249 minime
1108 3180 1198 3262 quod
1219 3181 1390 3264 hisplacet

254 3305 408 3388 quodque
430 3305 617 3372 Statianius
630 3309 741 3370 censet
769 3308 835 3368 tam
859 3302 938 3368 artis
958 3302 1045 3368 inter
1067 3321 1102 3370 se
1126 3301 1301 3368 cohaerent
1319 3297 1389 3364 vin·

254 3426 352 3509 culis,
380 3431 416 3492 ut
440 3424 481 3491 de
502 3424 658 3508 Wagneri
681 3441 895 3508 personarum
923 3422 1153 3490 distributione
1183 3419 1307 3488 addere
1330 3415 1388 3482 ali·

256 3545 337 3630 quid
366 3545 431 3609 iam
455 3545 497 3610 sit
520 3563 767 3628 supervacuum.
811 3543 882 3608 Iam
904 3543 938 3608 in
960 3543 1055 3610 huius
1081 3539 1230 3625 opusculi
1252 3536 1389 3604 exordio

256 3665 402 3751 graviter
424 3663 652 3746 pronuntiavi,
675 3662 866 3746 priusquam
889 3661 1057 3728 difficilem
1079 3679 1171 3726 suam
1194 3660 1390 3724 contortam-

256 3805 320 3868 que
349 3779 613 3848 distributionem
642 3779 766 3864 publici
795 3780 874 3846 iuris
909 3779 1048 3862 faceret,
1086 3775 1243 3862 Wagneri
1278 3775 1388 3853 fuisse,

255 3902 417 3971 eiusmodi
436 3899 616 3983 antiquitus
631 3899 814 3967 institutum
826 3901 1013 3968 scaenicum
1029 3899 1230 3966 dominatum
1242 3917 1313 3965 esse
1325 3914 1390 3960 non

262 4030 329 4090 tam
359 4023 449 4106 apud
472 4020 616 4088 Graecos
649 4041 747 4106 quam
775 4023 864 4107 apud
893 4022 1056 4088 Romanos
1085 4019 1268 4087 ostendere.
1319 4015 1392 4092 Qua

255 4163 290 4209 re
320 4143 449 4209 demum
475 4141 638 4208 illustrata
665 4161 704 4209 eo
734 4143 839 4226 potuit
866 4141 1035 4227 progredi,
1068 4147 1104 4206 ut
1125 4139 1275 4207 Bembini
1296 4141 1391 4202 notas

260 4283 302 4331 ex
331 4261 393 4328 hac
420 4259 623 4327 institutione
653 4261 811 4344 originem
841 4261 962 4328 ducere
993 4261 1127 4326 diceret.
1171 4257 1288 4340 Neque
1311 4274 1390 4322 vero
