3158 4814
301 444 426 504 tantum
466 435 599 520 quidem
637 431 785 500 adsecuti
822 447 948 514 sumus,
987 437 1023 497 ut
1058 429 1250 498 Bembinum
1289 426 1435 491 omnium
1557 441 1558 450 ³

300 559 467 637 codicum,
497 555 541 621 ad
564 573 645 638 quos
674 553 758 619 tales
780 557 878 618 notae
900 556 1074 635 potnerunt
1096 549 1262 631 adhiberi,
1289 552 1435 614 aetatem

299 679 413 745 tulisse
435 674 695 759 antiquissimum
717 690 781 738 uon
803 672 869 737 iam
892 677 1082 737 cunctemur
1099 670 1319 754 pronuntiare.
1356 669 1436 734 Post

301 797 493 865 Bembinum
515 802 625 863 autem
648 791 796 877 quamvis
818 810 893 857 raro
914 799 1024 858 tamen
1045 789 1207 858 interdum
1222 787 1302 854 alibi
1316 787 1434 854 literae

301 937 512 1002 personarum
538 934 679 1001 graecae
707 913 810 980 oculis
838 912 956 978 nostris
984 916 1173 994 occurrunt3
1207 911 1299 975 velut
1326 915 1359 976 et
1379 908 1436 974 Vi·

303 1037 483 1104 ctorianum
516 1041 550 1102 et
571 1035 723 1101 Veterem
757 1031 960 1099 memorandi
983 1036 1081 1114 atque
1104 1030 1187 1097 adeo
1214 1027 1437 1114 perlustrandi

303 1177 403 1240 supra
430 1157 546 1222 iterum
569 1155 752 1237 iterumque
782 1153 910 1219 occasio
934 1150 1083 1216 dabatur.
1120 1149 1317 1230 Sedunum,
1347 1145 1436 1233 quod

303 1297 376 1343 mea
409 1276 539 1359 quidem
571 1273 734 1341 sententia
766 1269 855 1338 haud
888 1272 1005 1338 leviter
1038 1277 1182 1337 nostram
1217 1269 1257 1336 de
1286 1268 1435 1336 Bembini

303 1397 388 1462 notis
410 1393 606 1463 sententiam
623 1390 874 1474 commendauit,
898 1390 1079 1457 deliberato
1097 1391 1232 1457 oonsilio
1247 1389 1436 1457 reticuimus

304 1513 391 1590 Quid
414 1511 501 1580 enim
524 1511 612 1596 quod
633 1510 667 1576 in
691 1507 808 1576 codice
824 1509 1053 1593 Aristophanis
1068 1510 1271 1592 Rauennate,
1294 1528 1355 1574 nec
1371 1529 1435 1574 non

304 1633 338 1698 in
359 1631 429 1699 eius
444 1631 839 1716 apographo-Augustam
858 1630 956 1696 modo
972 1630 1076 1698 literis
1087 1629 1214 1714 graecis
1225 1644 1436 1712 personarum

304 1751 498 1837 significatio
521 1751 639 1818 effecta
662 1758 720 1833 est,
744 1750 842 1816 modo
866 1750 962 1816 lineis
977 1749 1106 1816 rubris?
1138 1749 1228 1826 Quas
1250 1754 1345 1815 notas
1359 1769 1436 1814 num

304 1871 480 1938 Steffenius
501 1870 661 1936 Daiatalro
684 1871 869 1954 Wagnerus
891 1889 935 1937 ex
957 1871 1054 1937 rebus
1075 1877 1221 1936 veterum
1237 1868 1437 1937 Graecorum
1561 1917 1562 1924 κ

305 1991 465 2058 scaenicis
488 1990 658 2057 derivant?
690 1992 853 2078 ¹Attamen
878 2011 935 2056 our
962 1991 991 2056 is
1013 1991 1261 2058 interlocutores
1283 1991 1435 2074 signandi

307 2127 385 2177 usus
407 2130 472 2176 non
494 2109 528 2173 in
551 2111 661 2193 plures
684 2109 815 2177 codices
838 2129 910 2177 sese
927 2108 1064 2194 efffudit,
1088 2112 1192 2176 curin
1207 2117 1275 2177 tam
1290 2113 1438 2195 pauculis

305 2237 431 2296 tantum
454 2229 616 2314 reperitur
636 2229 750 2296 libris‘t
782 2230 896 2298 Facile
911 2237 960 2297 est
978 2229 1082 2296 dictu:
1105 2231 1234 2298 Etenim
1244 2231 1278 2298 ¹si
1293 2233 1437 2301 Terentii

307 2348 493 2416 comoedias
527 2368 600 2415 oum
633 2349 779 2417 Platonis
807 2349 974 2418 Ciceronis
1010 2351 1165 2436 dialogis,
1201 2372 1274 2418 cum
1303 2353 1439 2438 Vergilii

306 2469 479 2552 bucolicis,
508 2489 582 2535 cum
604 2469 751 2538 Senecae
782 2469 978 2555 tragoediis,
1009 2472 1087 2555 quin
1116 2471 1215 2539 immo
1238 2473 1267 2538 si
1294 2473 1439 2541 Terentii

308 2590 496 2658 comoedias
508 2609 582 2655 oum
602 2590 842 2674 Aristophanis,
857 2591 1094 2676 Euripidisque
1118 2592 1239 2658 fabulis
1256 2593 1437 2676 contuleris,

307 2709 384 2776 ilico
407 2710 468 2776 erit
489 2711 696 2793 perspicuum
720 2717 878 2793 quantum
900 2711 989 2778 inter
1011 2729 1045 2778 se
1070 2710 1232 2779 differant.
1268 2713 1331 2779 Hic
1355 2714 1439 2780 duae

307 2831 361 2897 vel
389 2835 456 2896 tres
483 2847 643 2913 personae
671 2829 757 2896 inter
786 2850 822 2896 se
844 2831 945 2896 verba
969 2831 1093 2897 faciunt
1115 2832 1216 2916 idque
1237 2832 1294 2917 ita,
1318 2840 1440 2900 utnon

308 2950 424 3019 celeris
456 2947 499 3016 sit
531 2949 756 3035 interrogandi
788 2950 1077 3036 respondendique
1111 2972 1169 3020 seu
1202 2953 1441 3020 sermocinandi

307 3069 514 3153 vicissitud03
549 3077 621 3137 tota
654 3070 739 3137 actio
771 3069 1012 3154 simplicissima
1041 3079 1104 3156 est3
1138 3074 1206 3140 illic
1236 3079 1348 3140 contra
1372 3080 1441 3139 tam

308 3212 406 3275 saepe
435 3192 469 3256 in
498 3211 598 3257 coena
619 3209 832 3274 personarum
862 3190 986 3256 notatio
1011 3191 1062 3276 fit,
1092 3200 1140 3260 tot
1162 3213 1322 3277 personae
1344 3194 1441 3259 inter·

309 3311 386 3376 dum
421 3311 518 3376 simul
548 3317 651 3395 agunt
679 3317 712 3378 et
741 3310 827 3377 inter
856 3330 891 3377 se
921 3310 1165 3394 colloquuntur,
1194 3319 1230 3379 ut
1257 3314 1357 3380 etiam
1384 3314 1443 3379 illa

308 3430 438 3496 Horatii
466 3433 581 3516 regula
609 3453 671 3516 „ne
701 3437 817 3516 quarta
845 3430 935 3515 loqui
963 3451 1105 3516 persona
1135 3431 1283 3500 laboret“
1312 3433 1443 3518 saepius

308 3550 517 3635 neglegatur,
546 3571 607 3618 nec
634 3569 774 3634 persona
802 3570 887 3635 quae
909 3551 1062 3636 loquatur
1085 3553 1235 3638 dignosci
1257 3554 1360 3636 possit
1380 3553 1444 3620 nisi

309 3671 555 3738 accuratissima
593 3679 626 3739 et
665 3653 917 3756 diligentissima
958 3673 1176 3741 distinctione.
1226 3673 1442 3741 Personarum

308 3797 418 3858 autem
446 3790 721 3875 significationem
751 3799 787 3858 ut
817 3799 850 3859 et
873 3794 1133 3862 commodissime
1156 3801 1189 3862 et
1211 3815 1310 3879 quam
1334 3793 1442 3861 claris·

309 3910 389 3978 sime
418 3910 586 3978 efficerent
613 3911 756 3979 librariis
784 3912 942 3979 scribisve
971 3935 1069 3981 curae
1098 3915 1217 3999 fuisse,
1247 3917 1345 3983 etiam
1365 3911 1443 3978 inde

308 4031 498 4116 perspicies,
519 4030 606 4117 quod
621 4032 655 4098 in
667 4033 859 4101 Rauennate
873 4034 989 4100 literae
1005 4055 1144 4119 graecae
1159 4038 1214 4104 vel
1228 4036 1371 4102 lineolae
1386 4032 1444 4099 ad-

309 4151 433 4218 hibitae
462 4157 536 4218 sunt
564 4157 596 4218 et
624 4152 659 4217 in
687 4152 853 4237 Euripidis
881 4154 975 4220 libris
1005 4157 1035 4218 I·
1066 4162 1099 4222 et
1128 4156 1317 4222 Olineolae
1346 4161 1443 4239 atque

309 4270 462 4339 initiales.
519 4270 612 4350 Quae
646 4291 711 4357 qua
744 4273 871 4341 ratione
899 4274 1025 4357 positae
1054 4275 1131 4359 sint,
1167 4275 1315 4358 explicat
1348 4277 1381 4340 U
1403 4273 1444 4340 de
