3158 4814
273 1191 344 1256 Iam
366 1196 441 1257 ante
465 1191 523 1255 hos
545 1195 611 1256 tres
626 1209 729 1255 annos
744 1188 806 1255 hoo
823 1191 1015 1273 opuseulum
1029 1189 1212 1275 perfeetum
1228 1197 1316 1273 erat3

189 1310 247 1376 sed
276 1310 372 1377 certis
401 1309 595 1392 quibusdam
624 1309 731 1375 causis
758 1309 929 1393 quominus
952 1310 1041 1394 prius
1064 1328 1121 1376 eas
1144 1329 1226 1393 quas
1249 1310 1320 1377 erui

188 1449 240 1495 res
262 1430 387 1513 publici
408 1429 489 1494 iuris
511 1429 653 1495 facerem
677 1429 858 1512 prohibitus
880 1449 960 1496 sum.

272 1549 403 1616 Interea
425 1557 534 1615 autem
549 1549 792 1615 Friderious
816 1551 894 1616 Leo
916 1551 950 1614 in
973 1550 1254 1617 observationibus
1278 1550 1319 1616 de

88 1694 92 1704 ·
189 1669 335 1736 Seneoae
362 1668 539 1753 tragoediis
567 1669 688 1735 criticis
711 1669 756 1754 (p.
780 1671 821 1736 85
844 1668 929 1755 sqq.)
953 1671 1039 1736 idem
1061 1670 1197 1736 invenit.
1248 1669 1319 1737 Nee

190 1796 300 1854 tamen
323 1809 428 1854 meam
452 1808 585 1872 operam
607 1809 740 1873 prorsus
763 1791 910 1857 inutilem
926 1790 995 1858 fore
1011 1811 1117 1874 spero,
1142 1810 1215 1855 oum
1232 1789 1320 1873 qnod

190 1908 246 1974 ille
268 1907 385 1973 leviter
408 1914 533 1973 tantum
554 1909 762 1993 perstrinxit,
790 1931 851 1996 ego
875 1930 973 1994 quam
995 1910 1239 1976 accuratissime
1263 1929 1319 1976 ex·

191 2027 353 2110 posuerim
376 2030 590 2112 omnibusque
613 2049 656 2096 ex
678 2030 827 2113 partibus
849 2031 909 2096 sim
924 2034 1123 2113 persecutus.
1158 2027 1321 2094 Universa

193 2145 234 2212 de
256 2147 318 2213 hae
341 2150 531 2230 quaestione
554 2149 643 2232 quod
665 2150 795 2216 omnino
810 2147 919 2216 faeere
934 2169 1066 2232 possum
1082 2169 1155 2215 oum
1170 2149 1320 2232 Leone,
1389 2149 1391 2152 ’

190 2271 337 2354 gaudem
363 2271 519 2338 dissentio
543 2276 652 2335 autem
675 2270 717 2337 de
740 2276 849 2337 aetate
872 2277 1037 2352 notarum,
1061 2290 1137 2334 nam
1160 2288 1242 2353 „usu
1265 2288 1321 2351 pe·

192 2391 344 2472 santique
367 2399 400 2457 et
415 2389 555 2455 fortasse
569 2408 590 2453 a
605 2389 719 2471 primis
734 2388 812 2454 inde
829 2389 1067 2456 comoediarum
1083 2387 1323 2472 exemplaribus

192 2509 350 2576 solemni“
381 2515 475 2574 notas
509 2509 543 2571 in
574 2508 742 2574 oodioibus
771 2510 893 2593 positas
922 2529 994 2576 esse
1023 2508 1105 2575 haee
1133 2507 1222 2574 illius
1251 2528 1322 2573 sen·

191 2630 295 2697 tentia
316 2627 396 2692 mihi
418 2648 483 2694 non
506 2628 672 2711 probatur.
