3158 4814
741 280 761 344 9

271 455 366 521 Modo
392 459 441 521 tot
463 453 624 520 violentas
647 450 841 517 mutationes
863 447 933 515 fieri
954 445 1060 529 vetui;
1082 444 1149 510 iam
1166 463 1243 510 vero
1258 461 1315 507 no·

183 584 234 644 tas
263 594 367 660 paene
395 573 478 639 nihil
506 570 698 640 commutari
735 569 855 637 debere
884 568 969 635 dico.
1012 566 1142 633 Etenim
1167 560 1315 648 quamvis

183 695 285 764 facile
309 714 365 762 eas
380 693 525 778 potuisse
540 691 715 776 depravari
730 691 833 774 primo
851 691 965 756 obtutu
980 687 1184 768 arbitremur,
1205 691 1316 750 tamen

184 815 307 881 idcirco
340 825 496 898 expertes
528 813 661 904 luerunt
694 811 798 878 omnis
834 808 1064 893 corruptionis,
1099 805 1176 890 quia
1209 803 1316 870 scenis

184 934 424 1020 superscriptae
445 932 582 1000 eaedem
604 953 663 1018 per
684 933 773 1016 ipsas
795 949 910 1012 scenas¹
931 929 975 995 ad
990 945 1154 995 sermones
1168 922 1316 1008 personis

187 1052 431 1120 distribuendos
459 1053 619 1137 repetitae
648 1058 731 1120 sunt.
767 1051 917 1135 Namque
944 1051 972 1115 si
994 1047 1164 1114 librarium
1187 1044 1317 1109 doctum

184 1172 377 1239 Bembinum
416 1180 561 1240 nostrum
599 1193 641 1240 ex
680 1171 860 1256 archetypo
894 1169 1035 1254 quodam
1075 1163 1318 1248 transcripsisse

182 1311 303 1377 ponas,
342 1299 429 1359 certe
464 1312 539 1360 curn
572 1292 669 1359 unius
703 1298 803 1359 notae
838 1311 938 1375 supra
973 1308 1106 1356 scenam
1142 1290 1315 1368 corruptae

186 1412 294 1496 gratia
332 1433 443 1479 omnes
486 1412 572 1477 intra
610 1431 742 1479 scenam
784 1416 986 1495 permutasse
1030 1407 1177 1492 negabis.
1241 1404 1317 1469 Pro·

185 1533 273 1600 fecto
307 1538 434 1598 tantum
469 1533 599 1614 aberat,
633 1538 670 1597 ut
708 1531 759 1596 vir
792 1531 960 1614 aliquanto
994 1527 1152 1595 eruditior
1185 1543 1228 1592 ex
1261 1524 1316 1590 ob·

185 1653 339 1719 scuritate
374 1672 511 1737 pravam
545 1657 688 1732 erueret;
721 1657 758 1716 ut
787 1671 831 1717 ex
865 1650 1011 1716 eiusdem
1044 1666 1204 1732 personae
1232 1643 1318 1710 intra

188 1793 319 1839 scenam
345 1771 450 1840 literis
472 1770 734 1855 congruentibus,
757 1771 934 1836 maximam
957 1770 1071 1836 saltem
1092 1773 1220 1852 partem
1241 1784 1317 1830 con-

189 1892 391 1978 gruentibus,
415 1892 584 1975 antiquam
605 1890 854 1988 redintegraret.
889 1891 990 1958 Porro
1014 1889 1067 1955 sac
1088 1886 1250 1952 hominem
1271 1884 1319 1948 in·

192 2012 323 2080 doctum
337 2011 529 2078 Bembinum
552 2032 596 2080 ex
617 2011 701 2078 libro
724 2012 908 2094 antiquiore
929 2009 1072 2078 edidisse
1089 2045 1127 2056 —
1144 2005 1233 2091 quod
1248 2003 1318 2089 qui·

190 2131 264 2199 dem
288 2131 329 2199 de
343 2131 500 2198 Bembino
519 2131 635 2199 codice
651 2137 718 2197 tam
738 2139 867 2199 vetusto
890 2153 930 2198 ac
942 2131 1036 2225 bono
1052 2128 1165 2213 nequit
1180 2125 1319 2210 cogitari

189 2286 232 2301 —
253 2272 362 2319 nonne
384 2251 528 2317 futurum
551 2250 651 2318 fuisse
675 2251 863 2337 credideris,
885 2259 921 2327 ut
942 2255 971 2318 is
991 2250 1103 2317 literas
1126 2247 1195 2315 sive
1217 2246 1319 2312 falsas

187 2372 257 2438 sive
281 2391 376 2438 veras
398 2377 494 2455 prout
515 2371 585 2455 ipse
609 2371 744 2455 legisset
764 2373 799 2436 in
822 2373 1027 2440 membranas
1047 2389 1122 2437 suas
1136 2365 1320 2451 reciperet?

187 2491 275 2555 Num
298 2473 446 2575 tandem,
479 2490 541 2555 hoc
568 2490 597 2555 si
618 2489 742 2557 factum
764 2499 864 2575 esset,
893 2489 969 2558 talis
995 2497 1144 2556 notarum
1172 2494 1205 2554 et
1233 2487 1320 2553 intra

192 2630 307 2677 scenas
336 2603 369 2676 et
395 2630 494 2694 supra
517 2615 727 2677 exaratarum
754 2617 931 2679 concentus
951 2631 1011 2678 nos
1034 2610 1222 2691 delectaret,
1245 2605 1320 2673 talis

189 2749 373 2798 sermonum
396 2729 580 2797 distributio
604 2750 710 2815 paene
732 2733 774 2800 ab
797 2733 884 2799 omni
906 2751 1012 2799 vacua
1029 2723 1319 2815 depravationeil)

256 2899 280 2970 6)
298 2901 366 2956 (lum
391 2917 493 2970 operae
511 2902 632 2971 pretium
649 2903 709 2959 fore
727 2909 836 2973 putem,
854 2903 984 2959 Steffenii
1003 2900 1169 2959 emendandi
1186 2899 1328 2976 rationem¹

190 3020 363 3074 cognoscere
381 3034 416 3044 -
434 3008 540 3062 etenim
558 3022 631 3065 nova
648 3008 685 3061 ad
703 3023 766 3062 curn
782 3007 962 3062 refutandum
973 3007 1039 3061 inde
1051 2990 1204 3076 poterimus
1216 3002 1318 3057 elicere

188 3123 345 3176 -paucos
370 3109 545 3164 locos·nunc
569 3110 728 3165 accuratius
747 3110 907 3180 explicabo:
936 3110 970 3164 In
987 3109 1159 3164 Phormionis
1182 3102 1321 3174 prioribus

193 3209 303 3265 duabus
321 3211 414 3265 scenis
428 3211 526 3267 Davus
544 3212 636 3281 agitur
654 3211 688 3268 ab
707 3217 802 3268 actore
821 3213 868 3282 qui
880 3215 910 3267 in
921 3212 1054 3268 Bembino
1066 3217 1180 3268 notatur
1191 3209 1273 3264 litera
1286 3207 1321 3262 B.

192 3309 249 3367 Sed
277 3312 406 3381 quonism
434 3313 464 3365 in
493 3313 620 3371 eiusdem
646 3322 726 3371 actus
748 3333 786 3372 sc.
805 3317 829 3371 3.
865 3323 890 3367 Β
918 3317 1020 3371 iterum
1046 3314 1200 3369 Phaedriae
1226 3313 1323 3382 partes

192 3414 280 3470 debet
304 3413 459 3484 suscipere,
483 3430 575 3485 neque
598 3432 667 3473 vero
689 3424 746 3490 tam
764 3418 897 3474 celeriter
915 3419 1037 3476 vestium
1054 3420 1248 3486 larvarumque
1265 3432 1323 3470 mu·

191 3517 261 3572 tatio
288 3521 384 3587 potest
410 3516 480 3586 fieri,
508 3525 603 3573 actum
620 3521 740 3575 alterum
757 3551 792 3560 -
809 3527 894 3592 atque
911 3521 981 3577 haec
999 3521 1159 3576 coniectura
1176 3519 1244 3574 mihi
1262 3535 1322 3589 pro-

191 3618 323 3674 batur-
345 3635 380 3675 ex
404 3637 486 3676 scena
507 3620 593 3677 tertia
616 3630 714 3679 censet
730 3624 841 3679 initium
859 3641 970 3694 capere.
1004 3625 1109 3681 Verum
1127 3623 1243 3693 posthac
1261 3637 1323 3677 curn

193 3719 228 3776 ab
251 3727 345 3777 actore
363 3723 391 3776 B
415 3729 490 3779 totas
507 3724 662 3782 Phaedriae
685 3733 781 3796 partes
804 3728 850 3797 agi
868 3744 984 3785 necesse
1002 3729 1052 3797 sit,
1076 3727 1149 3782 aliae
1168 3741 1240 3796 quae
1258 3724 1323 3778 huic

194 3823 388 3879 interlocutori
412 3826 526 3883 additae
544 3835 610 3884 sunt
627 3836 709 3887 notae
728 3839 794 3887 sunt
811 3832 992 3888 amovendae.
1028 3831 1096 3887 Nam
1114 3832 1142 3885 B
1161 3846 1213 3898 per
1231 3834 1325 3884 actum

193 3927 237 3982 III
263 3925 352 3982 Getae
377 3935 472 3998 partes
505 3932 577 4002 agit,
603 3949 665 3989 cum
691 3933 830 3990 Phaedria
854 3935 955 3990 iisdem
981 3934 1073 3990 scenis
1104 3935 1141 3989 sit
1170 3931 1274 3986 actoris
1295 3935 1325 3985 Γ.

195 4027 272 4092 Quae
289 4045 335 4085 res
352 4046 407 4086 non
424 4031 504 4090 favet
520 4032 649 4090 Steffenii
667 4035 783 4108 rationi3
808 4052 893 4107 quare
910 4035 980 4091 haec
998 4037 1080 4094 litora
1103 4035 1258 4090 Phaedriae
1277 4033 1324 4087 de·

194 4135 280 4190 mitur
298 4135 383 4204 eique
402 4135 529 4192 succedit
546 4144 571 4188 B
590 4153 671 4197 servo
690 4147 828 4209 surrepta.
857 4138 964 4204 Quibus
982 4140 1092 4195 demum
1110 4134 1324 4193 difficultatibus

195 4237 292 4291 amotis
310 4241 405 4305 potest
421 4239 495 4306 fieri,
514 4247 546 4296 ut
564 4248 593 4298 et
609 4242 762 4299 Phaedriae
781 4249 811 4298 et
823 4242 1017 4313 Nausistratac
1036 4257 1154 4311 persona
1172 4240 1324 4296 abeodem

195 4337 329 4394 histrione
348 4347 372 4392 Β
393 4348 524 4412 suscepta
545 4345 591 4402 sit.
630 4346 750 4405 Grauius
778 4345 863 4402 etiam
886 4345 1007 4402 consulit
1029 4345 1058 4399 in
1081 4344 1169 4401 Getae
1188 4345 1322 4414 Antipho-
