3158 4814
736 261 757 325 3

262 379 503 504 Quaerentibus
525 431 635 494 autem
656 428 762 512 nobis,
789 427 944 512 quidnam
966 430 1065 498 merit
1082 451 1139 498 cur
1153 432 1204 498 illi
1219 453 1306 502 nunc

177 547 239 612 viri
266 547 299 612 in
322 548 407 613 notis
429 555 517 616 certo
539 567 673 614 munere
695 546 907 632 iungentibus
931 569 1018 616 noua
1039 549 1193 618 studeant
1216 551 1305 622 dete·

176 683 269 750 gere,
299 668 464 751 extemplo
494 685 628 732 eausam
656 665 753 732 huius
780 667 829 734 rei
856 668 953 733 sitam
975 687 1049 735 esse
1069 667 1104 734 in
1125 667 1185 734 illa
1207 670 1306 754 signi·

177 782 299 849 fucandi
330 784 457 850 ratione
491 783 620 850 omnino
648 783 782 851 insolita
809 803 848 851 ac
870 785 955 852 mira
975 788 1162 872 apparebit,
1186 789 1306 859 deinde

174 915 285 976 autem
313 908 348 974 in
378 927 433 987 eo,
462 905 551 988 quod
572 904 722 972 Bembini
749 904 952 989 potissimum
973 911 1073 972 notae
1092 906 1226 976 minime
1248 929 1305 978 ex·

175 1026 312 1094 bibeant
335 1025 498 1109 ordinem,
527 1043 589 1092 nec
611 1043 722 1092 eorum
736 1015 801 1108 'qni
823 1027 1101 1111 contemplantur,
1123 1029 1239 1096 saltem
1259 1031 1306 1101 la·

174 1147 258 1215 viter
281 1147 540 1230 contemplantur
562 1144 726 1212 delectent
748 1146 918 1229 maculam
939 1144 1048 1230 specie
1074 1146 1210 1215 animoa
1247 1148 1305 1217 At·

175 1287 239 1351 que
273 1265 317 1333 ad
344 1267 428 1332 hanc
455 1265 604 1332 iocosam
631 1272 782 1334 notarum
809 1265 940 1332 turbam
967 1265 1141 1334 referenda
1169 1273 1220 1336 est
1245 1267 1305 1336 illa

174 1406 261 1470 quac
288 1387 372 1455 inter
393 1385 583 1454 Steffenium
610 1384 761 1469 aliosque
782 1385 958 1454 intercedit
980 1385 1154 1454 diversitas
1176 1393 1303 1456 senten-

173 1508 301 1572 tiarum.
340 1505 403 1585 Qui
430 1505 562 1590 quidem
590 1525 655 1590 quo
677 1506 862 1590 pertineant
883 1511 982 1573 notae
1004 1506 1138 1590 egregie
1160 1506 1247 1574 inter
1268 1527 1303 1576 se

173 1625 390 1710 consentiunt,
414 1624 611 1692 dissentiunt
632 1630 760 1690 tantum
782 1623 825 1692 de
846 1645 1058 1708 personarum
1075 1626 1302 1696 distributione

173 1745 254 1810 (lum
284 1745 432 1814 enimin
453 1745 643 1811 Trinummo
672 1751 799 1812 actores
826 1765 889 1812 sua
916 1745 1054 1829 quisque
1083 1752 1162 1814 uota
1182 1767 1303 1830 graeca

172 1872 273 1932 totam
301 1884 360 1948 per
387 1864 590 1932 comoediam
620 1865 686 1931 eint
707 1865 870 1950 denotati,
898 1865 932 1932 in
953 1865 1112 1933 Bembino
1133 1872 1226 1933 tanta
1246 1887 1302 1936 no-

171 1985 223 2052 bis
245 1984 385 2051 occurrit
407 1985 573 2052 literarum
595 1985 804 2071 vicissitudo,
831 1991 867 2052 ut
892 1986 1024 2071 saepius
1045 1985 1183 2070 singolis
1205 1987 1301 2058 inter·

170 2105 372 2172 locutoribus
399 2103 494 2171 binas
522 2111 635 2172 ternas
665 2104 743 2189 quin
767 2103 866 2170 etiam
888 2111 1065 2188 quaternas
1085 2104 1236 2174 invenias
1257 2109 1302 2174 ad

169 2227 318 2310 scriptas.
356 2224 482 2303 Quodsi
503 2224 604 2310 igitur
625 2225 705 2291 illae
728 2229 828 2292 notae
851 2231 1002 2309 spectare
1018 2223 1172 2292 dicuntur
1190 2227 1235 2293 ad
1249 2247 1302 2296 res

170 2347 350 2430 scaenicas,
373 2343 408 2410 id
430 2345 572 2411 maxime
601 2351 650 2411 est
673 2343 937 2429 disceptandum,
960 2350 1066 2412 utrum
1088 2351 1308 2429 personarum

171 2465 358 2531 distributio
385 2467 462 2532 talis
489 2466 671 2550 antiquitus
698 2465 809 2547 fuerit,
839 2473 876 2532 ut
903 2484 995 2532 suam
1023 2467 1160 2550 quisque
1185 2468 1298 2536 histrio

169 2605 344 2670 personam
372 2586 427 2652 vel
454 2605 612 2670 personas
640 2587 682 2652 ab
707 2585 802 2653 initio
825 2586 960 2654 fabulae
984 2605 1086 2669 usque
1108 2587 1154 2654 ad
1175 2588 1299 2656 exitum
1362 2647 1364 2652 .

169 2707 361 2791 susciperet,
384 2725 427 2770 an
449 2705 534 2790 talis,
559 2711 595 2772 ut
616 2705 766 2790 singulas
788 2724 946 2791 personas
968 2713 1094 2774 actores
1116 2709 1298 2792 complures

167 2829 254 2896 inter
280 2848 316 2895 se
339 2827 597 2910 dispertirentur.
633 2829 723 2913 Ergo
744 2828 801 2913 qui
823 2829 898 2912 lege
920 2827 1101 2896 aesthetica
1121 2827 1193 2896 nixi
1214 2829 1298 2896 illud

169 2948 404 3016 collaudabant
432 2949 649 3019 distribuendi
676 2948 873 3032 institutum,
901 2966 946 3014 ex
972 2946 1073 3015 variis
1095 2947 1298 3032 singularum

168 3089 378 3152 personarum
411 3070 515 3138 literis
548 3092 646 3138 unam
680 3070 799 3136 iustam
832 3087 1010 3152 ueramque
1032 3067 1215 3136 debuerunt
1239 3069 1297 3136 ad·

168 3187 274 3253 bibita
295 3190 474 3258 mutatione
496 3198 595 3276 atque
619 3189 847 3258 emendatione
870 3191 1054 3268 enucleare,
1078 3188 1198 3272 quibus
1219 3208 1295 3258 vero

168 3306 251 3374 haec
283 3306 468 3375 distributio
494 3310 602 3395 magis
627 3311 796 3395 placebat,
825 3309 868 3376 iis
894 3309 1051 3390 Bembini
1070 3309 1296 3378 auctoritatem

165 3428 289 3495 secutis
321 3429 500 3513 pleraeque
532 3447 692 3514 personae
725 3430 857 3498 fuerunt
886 3428 1120 3496 discindendae
1145 3428 1296 3498 frustula·

166 3567 233 3630 quc
254 3549 421 3616 actoribus
441 3549 641 3616 mandanda
674 3550 758 3616 llira
778 3549 924 3635 proiecto
946 3548 1107 3618 institutio
1126 3551 1293 3620 scaenical

251 3669 397 3737 Alteram
424 3677 534 3738 autem
562 3673 650 3736 viam
676 3668 844 3756 ingressus
872 3678 923 3738 est
943 3669 1132 3754 meremus,
1156 3673 1293 3739 alteram

165 3787 326 3855 Driatako
359 3798 457 3874 atque
479 3793 677 3877 Wagnerus,
713 3792 770 3876 qui
798 3789 877 3876 quid
905 3791 1047 3860 sentiant
1069 3790 1184 3876 paucis
1206 3811 1293 3859 nunc

162 3907 348 3992 explicabo.

249 4029 312 4095 Ille
340 4031 516 4098 nonnullas
541 4049 702 4117 personas
722 4035 823 4100 totam
846 4051 905 4117 per
927 4032 1128 4100 comoediam
1149 4045 1216 4100 una
1238 4053 1292 4102 ea·

164 4145 305 4232 demque
338 4149 539 4234 significatas
568 4172 640 4220 csse
666 4153 763 4220 litera
791 4155 962 4237 explorato
997 4153 1043 4220 ita
1075 4152 1289 4238 progreditur,

164 4273 200 4332 ut
228 4287 269 4335 ex
296 4270 364 4338 illis
389 4272 503 4352 paucis
532 4271 671 4340 similam
698 4271 875 4340 concludat
895 4273 1095 4358 reliquarum
1115 4275 1290 4342 multarum

1120 4393 1153 4446 1*
