3158 4814
750 283 769 348 7

194 459 308 520 testem
331 452 432 522 affero
455 454 693 538 victorianum,
720 452 867 522 codicem
891 453 1116 540 Galliopianae
1138 475 1222 540 qnae
1246 455 1326 523 dici·

195 579 248 640 tur
286 574 486 642 recensionis
523 575 786 643 vetustissimum.
841 575 941 643 (inias
978 576 1056 642 libri
1087 583 1185 643 notae
1218 581 1324 641 utrum

196 693 312 762 eadem
340 693 444 762 iorma
471 715 537 779 qua
563 716 650 763 nuno
678 695 835 764 habemus
862 697 1010 781 aprima
1038 695 1202 780 quondam
1223 715 1321 762 manu
1351 775 1353 779 .

195 813 303 897 pictae
326 815 406 899 sint,
436 835 479 881 an
500 851 544 864 —
565 815 655 900 qnod
677 815 835 885 Steffenio
862 817 972 901 placet
992 851 1035 863 —
1056 814 1186 883 mediae
1208 815 1325 882 aetatis

195 956 218 1003 a
243 955 342 1002 manu
370 937 550 1004 recentiore
572 937 729 1034 Bembino
758 937 842 1004 duce
871 943 1053 1017 correctae,
1084 956 1198 1020 parum
1226 934 1327 1004 refert

195 1057 240 1124 ad
261 1056 345 1123 hanc
368 1056 594 1140 quaestionem
610 1056 861 1125 decernendam.
890 1055 971 1122 Mihi
986 1055 1072 1122 enim
1086 1055 1122 1121 in
1135 1055 1324 1122 Victoriano

195 1176 475 1244 manufestissima
496 1176 634 1261 librarii,
657 1183 693 1244 ut
715 1196 827 1244 omnes
849 1176 1071 1256 dubitationes
1094 1176 1146 1241 cni
1167 1195 1326 1260 personae

196 1315 301 1362 sermo
321 1295 366 1362 sit
389 1295 618 1364 attribuendus
634 1296 848 1380 propelleret,
873 1294 1034 1363 studentis
1051 1293 1229 1378 indagasse
1247 1295 1328 1362 satis

196 1415 407 1500 estvestigia.
430 1415 733 1500 Tresaignificandi
745 1416 1001 1484 rationesinillo
1014 1416 1328 1483 libronobisoccur·

194 1539 283 1616 runt,
317 1536 422 1618 prima
446 1536 610 1620 longeque
633 1535 896 1620 frequentissima
921 1542 1047 1602 constat
1068 1535 1103 1600 in
1121 1534 1207 1602 notis
1232 1555 1325 1619 grae·
1412 1593 1415 1603 ,

196 1653 243 1720 cis
264 1653 414 1721 Bembini
436 1653 535 1720 valde
557 1654 725 1737 congruis,
752 1655 858 1723 altera
884 1655 919 1720 in
945 1654 1120 1720 initialinm
1142 1675 1202 1722 usu
1224 1675 1325 1739 saepe
1396 1622 1410 1676 l

193 1773 298 1842 literis
330 1774 458 1857 graecis
491 1772 688 1859 interrupto,
721 1774 821 1842 tertia
850 1774 934 1840 ratio
968 1781 1017 1841 est
1045 1773 1136 1840 ordt‘
1152 1744 1322 1841 literarum

194 1913 386 1977 graecarum
413 1892 650 1977 alphabeticus.
694 1893 774 1979 Ipsa
802 1914 846 1962 ex
873 1914 914 1961 ea
942 1892 1181 1978 significatione
1206 1894 1328 1978 triplici

193 2032 366 2099 possumus
388 2012 545 2097 colligere
568 2013 698 2082 omnino
726 2034 791 2080 non
813 2013 984 2080 librarium
1006 2034 1065 2082 seu
1089 2013 1246 2081 stultitiae
1267 2033 1325 2080 seu

194 2133 434 2202 inconstantiae
450 2153 605 2201 accusare
619 2135 729 2218 licere,
744 2133 804 2202 sed
820 2133 1030 2201 constitutum
1046 2140 1235 2226 certumque
1251 2153 1327 2199 con·

194 2253 303 2320 silium
336 2254 370 2318 in
389 2253 571 2320 Victoriani
593 2254 678 2322 notis
704 2253 928 2339 quaerendum
957 2274 1041 2320 esse.
1084 2253 1133 2319 Ac
1156 2252 1324 2337 profecto!

113 2374 115 2378 ’
194 2373 301 2442 Etiam
328 2381 428 2457 atque
456 2373 555 2442 etiam
580 2394 669 2440 nova
691 2373 822 2440 videtur
843 2373 997 2440 librarius
1021 2393 1093 2440 esse
1115 2372 1265 2454 molitus,
1289 2376 1326 2438 ut

195 2512 291 2574 quam
314 2492 527 2559 clarissimam
549 2491 703 2560 redderet
717 2491 975 2573 denotationem,
999 2492 1078 2575 quin
1100 2493 1203 2558 oeulis
1219 2513 1325 2576 paene
1393 2521 1396 2528 ·

194 2611 357 2680 cernimus
379 2631 453 2678 eum
475 2611 685 2680 vacillantem
709 2611 949 2680 deliberantem
971 2610 1193 2696 meditantem,
1216 2611 1273 2696 qui
1295 2620 1328 2679 et

193 2731 371 2800 lectoribus
399 2739 432 2798 et
461 2730 524 2798 sibi
553 2731 760 2800 utilissimam
792 2731 914 2800 efficiat
937 2731 1188 2800 distinctionem.
1233 2730 1328 2809 Quod

194 2858 229 2918 ut
252 2850 402 2918 subtilius
424 2851 650 2937 perspiciatur,
674 2851 796 2936 confer,
818 2871 954 2935 quaeso,
977 2850 1129 2918 Eunuchi
1152 2852 1218 2917 tab.
1235 2851 1283 2917 II:

278 2972 317 3038 In
343 2972 375 3057 I,
407 2973 436 3038 1.
479 2971 662 3040 Phaedriae
698 2969 961 3054 Parmenonique
997 2971 1220 3056 praescriptae
1253 2978 1328 3038 sunt

192 3090 336 3159 initiales
357 3097 387 3155 P
403 3099 436 3159 et
456 3097 536 3158 PA.
579 3092 619 3158 In
641 3091 674 3176 I,
697 3092 718 3158 2
740 3097 855 3158 contra
876 3090 931 3156 hic
953 3088 1094 3156 notandi
1115 3090 1232 3156 modus
1254 3106 1328 3156 oum

193 3209 427 3277 incommodior
455 3212 567 3296 paullo
596 3217 629 3279 et
656 3210 750 3295 quasi
778 3209 994 3295 periculosior
1016 3208 1200 3294 videretur,
1227 3210 1327 3276 lihna-

192 3328 261 3396 rius
281 3334 317 3393 A
338 3335 416 3396 nota
438 3330 649 3415 Phaedriam,
671 3335 703 3392 B
725 3331 961 3398 Parmenonem
983 3326 1196 3413 significavit3
1226 3329 1261 3394 iu
1282 3329 1325 3409 11,

193 3451 214 3516 3
240 3470 318 3520 vero
346 3450 550 3517 Parmenone
582 3450 654 3519 sine
683 3449 849 3518 Phaedria
881 3449 936 3516 vel
963 3446 1128 3532 Pythiade
1157 3469 1224 3514 una
1254 3469 1327 3515 oum

193 3568 341 3638 Chaerea
362 3570 397 3638 in
420 3590 520 3637 scena
542 3575 694 3638 versante
715 3569 806 3637 illico
820 3571 966 3635 Plooum
989 3587 1084 3633 suum
1099 3568 1227 3635 retinet.
1261 3566 1326 3635 Ne·

194 3708 257 3774 que
280 3709 375 3758 secus
396 3691 431 3756 in
452 3689 508 3772 IV,
523 3691 553 3756 4·
567 3689 608 3760 de
623 3688 780 3756 Doriadis
795 3686 942 3771 Denique
956 3687 1044 3754 notis
1059 3707 1111 3754 res
1126 3706 1198 3754 sese
1215 3687 1325 3753 habet.

192 3809 342 3894 Namque
357 3809 453 3878 litera
468 3813 503 3874 D
518 3831 634 3878 servae
649 3811 715 3876 iam
730 3807 846 3876 addita
855 3807 961 3874 Dorus
979 3805 1151 3874 denotatur
1166 3808 1207 3871 E.
1231 3805 1324 3883 Quae

193 3950 246 3998 res
267 3931 368 3996 multo
391 3929 548 3997 maiorem
568 3929 704 3998 habebit
719 3926 1033 3996 commendationem
1047 3927 1115 3992 illis
1130 3923 1239 3992 scenis
1252 3925 1320 4009 qui·

192 4051 255 4115 hus
275 4049 378 4115 Thais
405 4049 560 4116 meretrix
582 4051 772 4133 'l'hrasoque
801 4048 896 4114 miles
924 4067 990 4112 una
1011 4053 1126 4130 agunt:
1159 4044 1210 4109 illi
1236 4043 1323 4111 enim

194 4168 335 4255 simplex
354 4171 385 4232 Τ
397 4167 515 4250 adstat,
537 4170 615 4237 huic
630 4177 739 4237 autem
759 4170 816 4234 ΤΒ
831 4165 1005 4234 addendae
1021 4163 1220 4249 videbantur
1236 4184 1325 4249 esse;

194 4287 310 4355 sedin
332 4289 386 4371 IV,
422 4289 626 4374 isiquidem
647 4287 808 4357 Thaidem
836 4285 992 4354 librarius
1019 4287 1089 4352 ΤΗ
1107 4283 1273 4369 distinxit,
1302 4285 1330 4348 T
