3158 4814
711 239 753 305 25

164 411 355 496 priusquam
378 431 417 479 ea
441 411 481 478 de
506 411 687 480 fabularum
706 417 853 481 actarum
875 415 1003 483 ratione
1025 415 1186 483 sententia
1208 416 1263 484 ref
1284 453 1295 464 ·

163 539 234 599 tata
262 532 361 601 fuerit
383 540 481 617 atque
505 535 650 618 sublata,
676 555 715 602 ea
739 555 824 619 quae
849 555 947 621 snpra
969 538 1011 604 de
1034 538 1119 604 notis
1141 557 1296 622 persona-

164 673 237 722 rum
261 655 472 722 disseruimus
487 655 629 721 omnium
652 657 877 741 adipiscentur
893 659 1199 743 comprobationem.
1230 657 1295 724 lta·

163 795 228 860 que
256 775 366 842 facere
401 796 465 841 non
495 793 642 861 possum,
674 777 753 858 quin
781 778 927 846 breviter
955 778 1035 862 qnid
1070 778 1110 844 de
1139 777 1304 862 Wagnerl

164 881 382 962 distribuendi
405 895 531 962 ratione
554 895 768 962 iudicandum
791 898 833 964 sit
855 896 1026 981 proferam.

247 1015 353 1082 Probe
382 1014 467 1081 enim
496 1015 644 1099 memini,
669 1016 855 1082 etiamnunc
878 1016 1003 1100 ingenii
1026 1017 1135 1100 armis,
1160 1021 1240 1099 quot
1253 1015 1295 1081 ab

160 1136 327 1201 actoribus
351 1133 498 1219 Oedipus
522 1135 683 1202 Coloneus
706 1142 781 1202 acta
804 1137 854 1221 sit,
880 1135 1022 1202 dubitari
1039 1156 1059 1201 a
1074 1135 1154 1202 viris
1179 1135 1294 1218 doctis,

160 1271 297 1337 quorum
320 1257 377 1322 alii
399 1274 572 1342 personam
595 1255 714 1324 Tbesel
736 1257 875 1324 atribus
897 1257 1110 1324 histrionibus
1133 1257 1208 1340 lege
1223 1277 1295 1323 san-

160 1373 233 1439 citis
268 1376 422 1460 deinceps
457 1384 657 1461 susceptam,
694 1377 752 1443 alii
788 1376 1022 1464 παρασκήνιον
1057 1377 1144 1461 qnod
1176 1375 1296 1443 dieitur

158 1493 341 1562 adhibitum
364 1515 434 1564 esse
450 1502 593 1580 censent,
616 1495 692 1563 aliis
706 1503 842 1580 quartus
857 1505 949 1564 actor
963 1496 1062 1563 valde
1078 1490 1293 1583 probatur²⁰t

159 1615 202 1679 At
226 1615 353 1681 etiamsi
381 1615 523 1698 priorem
551 1617 745 1682 sententiam
769 1634 992 1700 sequeremur,
1020 1623 1130 1684 tamen
1154 1617 1294 1684 omnimo

156 1755 223 1800 non
251 1735 331 1801 licet
357 1735 445 1801 hunc
472 1757 595 1802 morem
625 1736 669 1801 ad
700 1735 832 1803 fabulas
861 1735 1077 1804 Terentianus
1105 1735 1293 1804 transferre.

155 1855 329 1939 Sophoclis
352 1858 438 1924 enim
461 1865 570 1926 aetate
593 1868 738 1943 actores,
768 1865 804 1924 ut
825 1859 911 1925 inter
934 1879 1045 1926 omnes
1068 1864 1196 1924 constat
1228 1859 1292 1922 lar·
1349 1826 1362 1852 ’

154 1978 205 2044 vis
228 1977 380 2044 exornati
402 1985 503 2061 erant,
526 1979 672 2046 Terentii
694 1980 894 2063 temporibus
917 1979 987 2046 sine
1010 1977 1060 2045 eis
1080 1977 1293 2064 agebant21).

154 2098 306 2166 Profecto
331 2106 441 2165 autem
463 2099 556 2164 aliud
578 2106 627 2166 est
656 2119 753 2165 unam
777 2121 820 2167 ex
846 2100 995 2166 omnibus
1011 2119 1186 2184 personam
1207 2098 1293 2165 inter

157 2217 333 2286 histriones
350 2219 509 2302 dividere,
534 2220 625 2286 aliud
637 2227 686 2287 tot
698 2220 889 2289 comoediae
904 2221 1125 2287 Terentianae
1137 2237 1293 2302 personas

158 2339 192 2405 in
222 2339 326 2407 frusta
353 2342 480 2408 secare!
532 2341 707 2407 Praeterea
736 2341 920 2425 Wagnerus
948 2361 1013 2406 non
1044 2339 1123 2406 satis
1147 2339 1293 2422 cogitata

157 2468 259 2542 atque
283 2461 489 2528 considerata
511 2461 680 2546 scripsisse
702 2461 782 2526 mihi
805 2461 944 2544 videtur,
968 2468 1067 2542 atque
1090 2460 1174 2525 adeo
1197 2457 1291 2524 falla·

159 2581 244 2647 ciam
267 2580 357 2647 haud
380 2581 536 2666 exiguam
552 2600 627 2647 enm
643 2580 762 2648 fecisse
776 2580 884 2648 credo.
929 2578 1103 2647 Consentio
1117 2577 1203 2644 enim
1220 2597 1292 2642 cum

157 2699 215 2767 illo
239 2701 386 2766 Terentii
407 2705 516 2767 aetate
540 2701 684 2766 nondum
701 2721 776 2767 usos
799 2699 901 2766 fuisse
922 2699 1023 2765 larvis
1046 2705 1183 2765 actores.
1222 2696 1292 2764 Illis

156 2819 257 2902 igitur
278 2821 479 2904 temporibus
503 2841 576 2887 eam
603 2841 714 2904 quam
728 2821 912 2904 Wagnerus
935 2820 1056 2904 probat
1078 2837 1291 2903 personarum

159 2939 422 3007 distributionem
445 2939 590 3006 nondum
612 2940 758 3008 valuisse
775 2941 820 3005 ad
835 2940 1023 3007 comoedias
1038 2939 1194 3022 Terentii,
1218 2939 1291 3021 quis

158 3065 207 3123 est
230 3060 373 3142 quinon
396 3061 577 3128 concedat?
620 3059 702 3127 Utra
725 3068 834 3127 antem
863 3052 984 3144 agendi
1015 3059 1142 3125 ratione
1172 3059 1290 3125 melius

162 3178 311 3244 steterint
340 3179 472 3245 fabulae
501 3181 671 3266 magisque
700 3181 939 3262 spectatoribus
965 3182 1029 3247 sint
1050 3181 1209 3263 probatae
1233 3178 1291 3244 du-

156 3287 254 3363 bitari
283 3299 412 3364 omnino
441 3299 565 3383 nequit.
610 3301 675 3379 Qui
705 3301 806 3386 igitur
834 3301 940 3386 potuit
967 3299 1055 3382 ficri,
1086 3305 1123 3365 ut
1150 3297 1288 3366 Romani

225 3521 259 3588 ²⁰]
279 3521 335 3576 Gfr.
354 3517 398 3577 W.
422 3521 533 3576 Teuffel
552 3521 621 3576 Mus.
644 3521 770 3578 Rhenan.
786 3521 836 3589 IX,
855 3519 914 3588 137,
933 3519 1171 3576 mausoleum
1188 3520 1286 3577 Philol.

155 3621 219 3689 XII,
238 3623 288 3678 750
306 3625 334 3679 ff.

247 3702 329 3794 iou.
346 3727 840 3798 cruueora.111‚us‚aa1=...qu0
858 3727 1056 3784 meliusnam
1067 3727 1109 3782 rur
1127 3740 1217 3790 senes,
1238 3727 1287 3796 qur

155 3835 340 3898 personatum
357 3847 394 3885 ne
404 3831 535 3887 Roscium
554 3833 667 3902 quidem
677 3848 778 3901 magno
794 3848 882 3901 opere
900 3830 1060 3888 laudabant.
1097 3829 1184 3894 Quem
1194 3830 1286 3885 locum

156 3932 204 4000 qui
222 3933 282 3988 sine
300 3933 342 3988 ira
360 3949 393 3988 ac
411 3935 504 3992 studio
523 3935 766 4004 interpretabitur,
785 3935 810 3990 is
827 3934 973 3991 Ciceronis
991 3934 1101 3988 demum
1119 3938 1215 3988 aetate
1232 3933 1285 3988 lur-

156 4050 209 4090 vas
235 4037 265 4090 in
291 4052 371 4091 usum
389 4036 502 4094 venisse
527 4037 583 4093 sibi
604 4039 796 4106 persuadebit.
838 4037 894 4094 Gir.
913 4037 1052 4104 Daietulro
1069 4033 1178 4091 Phorm.
1197 4035 1284 4104 praef.

155 4151 182 4204 p.
200 4138 241 4193 19.
282 4139 375 4196 Aliter
403 4141 489 4195 sentit
517 4139 669 4196 Stcffenius
687 4159 714 4211 p.
734 4143 793 4209 154,
821 4140 882 4209 „cui
900 4139 1007 4195 Andria
1024 4139 1146 4195 fortasse
1165 4144 1285 4208 excepta

157 4253 252 4296 omnes
270 4243 397 4300 Terentii
414 4243 576 4300 comoediae
594 4243 680 4303 larvis
699 4250 779 4300 actae
798 4243 931 4315 videntur
948 4243 1060 4299 fuisse.“
