3158 4814
735 242 776 307 23

191 411 357 479 scortum?
400 412 551 496 Denique
563 429 672 480 nonne
694 414 767 498 ipsa
781 413 958 482 Bacchidis
980 415 1023 482 ad
1037 415 1240 501 Antiphilam
1253 438 1324 484 ora·

191 531 237 598 tio
273 552 339 616 qna
368 534 576 600 concelebrat
611 533 775 618 virginum
809 541 971 602 castarum
1006 535 1170 603 fortunam
1198 557 1324 604 summo

192 651 287 718 nobis
322 659 371 720 est
398 652 588 721 testimonio
624 653 709 721 hanc
746 676 813 722 non
847 655 1032 723 meretricio
1073 655 1137 722 ritu
1171 657 1323 723 vestitam

192 771 323 856 egisse?
372 773 501 841 Etenim
529 775 558 840 si
586 774 727 843 eandem
749 781 848 858 atque
876 776 1014 842 Bacchis
1047 777 1146 842 scorti
1180 777 1324 860 speciem

190 893 408 978 praebuisset,
436 893 587 960 nimirum
621 894 704 960 nihil
732 894 817 962 inter
852 915 924 963 eam
958 895 1107 978 aliasque
1135 896 1324 963 meretrices

189 1011 405 1096 interfuisset,
435 1034 542 1098 neque
571 1015 744 1100 quisquam
767 1014 963 1083 adulescens
986 1016 1131 1095 puellam
1152 1017 1323 1084 honestam

189 1132 231 1197 ab
259 1131 439 1200 inhonestis
466 1135 573 1219 potnit
607 1135 811 1220 dignoscere.
871 1134 998 1212 Quibus
1035 1134 1076 1202 de
1104 1136 1213 1201 causis
1234 1157 1323 1203 men-

190 1249 305 1318 dosum
333 1252 614 1339 depravatumque
649 1275 721 1323 esse
755 1255 948 1340 Antiphilae
982 1255 1204 1322 characterem
1239 1255 1323 1339 dieo,

190 1392 328 1455 eumque
349 1373 476 1439 librarii
492 1357 662 1440 cuiusdam
685 1376 739 1442 vel
755 1374 986 1458 neglegentiae
1001 1373 1062 1456 ¹vel
1086 1372 1190 1440 errori
1204 1374 1323 1441 tribuo.
1391 1388 1395 1396 ·

272 1510 378 1578 Aliter
401 1519 511 1579 autem
535 1511 575 1578 de
599 1531 813 1596 personarum
834 1516 997 1576 mutarum
1013 1509 1252 1594 significatione
1270 1531 1322 1578 su·

186 1651 247 1716 pra
275 1650 391 1699 scenas
423 1631 592 1714 adscripta
627 1631 754 1716 iudieo;
795 1637 894 1714 atquc
918 1631 1088 1696 librarium
1110 1650 1323 1715 personarum

184 1759 346 1818 mutarum
380 1751 513 1816 nomina
543 1751 815 1834 characteresque
844 1749 1114 1835 suprascripsisse
1142 1750 1222 1816 mihi
1250 1771 1321 1834 per·

186 1870 311 1937 suadeo
344 1890 430 1953 quae
458 1870 590 1954 saepius
619 1869 708 1955 apud
736 1869 927 1938 Terentium
949 1875 1157 1955 usurpantur,
1181 1877 1217 1936 ut
1238 1871 1321 1936 Bac·

185 1991 254 2056 chis
281 1991 334 2056 vel
356 1990 494 2074 Dromo,
525 1993 579 2057 vel
601 2011 687 2074 qnae
710 1991 754 2056 ad
776 1991 879 2058 verba
900 1989 1139 2074 intellegenda,
1163 1989 1206 2056 ad
1222 2010 1321 2058 enun-

187 2110 359 2176 tiationum
404 2130 576 2194 rerumque
627 2111 876 2178 continuitatem
919 2110 1029 2176 animo
1074 2110 1322 2194 concipiendam

183 2230 248 2315 ipsi
275 2231 473 2299 videbantur
500 2232 698 2300 necessaria.
753 2233 851 2299 Velut
879 2232 1033 2316 Hecyrae
1061 2231 1105 2314 V,
1135 2231 1321 2296 enutritis

185 2350 281 2418 titulo
304 2353 526 2436 superscripto
550 2353 653 2419 lector
676 2373 774 2436 quam
796 2372 969 2436 personam
993 2351 1148 2419 Chremes
1170 2353 1318 2435 alloqua-

182 2479 245 2554 tur,
269 2472 422 2554 exemplo
439 2471 609 2556 edocetur,
638 2472 781 2555 itemque
796 2478 885 2538 certe
901 2471 1134 2554 ignoraremus,
1159 2470 1203 2537 ad
1220 2491 1319 2554 quem

182 2591 217 2655 in
239 2589 380 2674 Adelph.
404 2592 446 2673 H,
471 2593 488 2656 1
512 2591 687 2659 tenderent
709 2591 867 2659 Aeschini
890 2591 990 2658 verba
1014 2590 1229 2676 consolantia,
1253 2592 1317 2656 nisi

182 2710 356 2778 Bacchidis
384 2731 502 2779 nomen
531 2712 565 2777 in
594 2731 713 2781 scenae
750 2712 858 2797 capite
892 2711 1048 2796 scriptum
1081 2731 1140 2777 nos
1174 2709 1316 2778 doceret.

181 2830 219 2896 Si
241 2837 351 2897 antem
374 2833 551 2899 nonnullos
572 2853 786 2917 personarum
808 2839 969 2898 mumrum
991 2832 1103 2900 titulos
1124 2851 1166 2896 aa
1184 2830 1318 2897 nomina

181 2951 323 3037 librarii,
353 2958 388 3018 ut
416 2953 601 3038 suspicatur
623 2953 811 3037 Steffenius,
837 2958 891 3032 ,ut
914 2951 1141 3018 additamenta
1164 2951 1316 3016 inutilia“

183 3073 384 3156 omisissent,
417 3072 453 3139 id
482 3074 635 3157 equidem
657 3073 757 3141 valde
779 3073 931 3157 mirarer,
962 3072 1050 3154 quod
1078 3092 1152 3137 cnm
1173 3070 1315 3155 Adelph.

181 3189 241 3273 III,
264 3190 285 3253 3
308 3189 568 3274 Stephanionem
579 3192 612 3275 ¹⁹)
638 3211 777 3276 coquum
799 3191 1097 3276 praetermittebat,
1127 3211 1193 3255 non
1215 3191 1315 3257 etiam

181 3310 331 3378 eiusdem
346 3329 468 3377 scenae
481 3311 682 3379 Dromonem
696 3311 869 3397 expunxit.
892 3311 1008 3392 Neque
1024 3329 1102 3376 uero
1117 3309 1152 3375 in
1164 3311 1246 3376 Eun.
1258 3311 1314 3392 IV,

181 3432 199 3495 7
213 3450 295 3515 opus
312 3436 383 3496 erat
395 3437 471 3498 ante
484 3451 617 3498 scenam
627 3431 809 3498 Thrasonis
823 3429 983 3497 satellites
996 3428 1188 3496 nominatim
1200 3429 1312 3514 affere,

181 3550 210 3614 si
232 3549 366 3632 quidem
389 3551 445 3632 qui
468 3551 533 3616 sint
554 3569 692 3634 quemve
710 3551 755 3618 ad
773 3550 870 3617 finem
888 3548 1092 3616 advocentur
1112 3550 1313 3618 inflammen-

184 3679 303 3753 tnrque
336 3691 402 3738 non
430 3678 481 3738 cst
507 3671 713 3757 ambigunm;
747 3671 809 3738 hoc
838 3690 967 3755 quoque
990 3671 1062 3736 loco
1084 3671 1217 3738 nomina
1238 3690 1314 3735 rara

180 3789 284 3857 vides.

248 4029 283 4099 ⁴⁸)
307 4028 370 4085 Ter.
396 4029 571 4088 Hautontim.
589 4032 627 4102 11,
645 4033 670 4089 3.

252 4134 285 4203 ¹⁹)
304 4132 391 4204 Syrus
419 4149 482 4190 eum
503 4135 675 4206 adloquitur:
696 4135 885 4206 ,Salsamenta
902 4133 980 4205 haec,
1002 4133 1162 4204 stephanio,
1189 4131 1234 4188 fac
1255 4147 1310 4188 ma-

181 4243 311 4292 cerentur·
327 4236 470 4308 pulchre.“
