3158 4814
679 251 720 318 29

150 401 738 499 Wilamowitz·Moellendoriiius24):
773 421 989 505 „lineolarum
1016 472 1023 489 .
1053 470 1124 489 ...
1152 423 1283 490 omnino

148 560 249 625 „usus
277 561 317 608 ea
345 538 525 606 certissima
553 540 627 623 lege
657 540 818 609 cohibitus
841 550 906 627 est,
935 543 1027 610 utin
1051 543 1283 627 diverbiopri·

149 682 257 746 „mum
278 653 598 744 nomina'ponantnr
623 658 699 727 dein
722 660 874 746 lineolae,
899 682 984 747 quae
1007 663 1086 748 quid
1102 665 1204 732 velint
1218 663 1284 729 iam

148 782 250 867 „satis
273 781 456 862 declarant3
490 779 714 848 intercedente
737 802 824 848 nova
846 802 987 866 persona
1008 804 1128 851 nomen
1151 784 1284 868 ponitur

147 923 232 986 „non
254 902 359 968 solnm
381 919 518 982 novum,
548 899 610 967 sed
637 901 736 968 etiam
760 901 841 986 eius,
865 903 921 986 qui
942 902 1132 988 responden
1168 903 1285 987 quodsi

146 1023 271 1103 „altera
294 1041 335 1087 ex
357 1019 405 1087 eis
429 1039 512 1106 quae
534 1019 632 1086 modo
658 1020 760 1087 verba
775 1020 928 1089 fecerant
943 1024 1090 1119 personis
1105 1024 1171 1090 iam
1187 1031 1284 1104 tacet,

145 1143 308 1227 „lineolae
336 1159 447 1206 rursus
474 1139 552 1224 poni
574 1159 671 1224 posse
694 1142 851 1226 adparet.
873 1161 1029 1224 peccasse
1050 1119 1284 1228 nonnunquam

146 1261 319 1346 „librarios
340 1261 403 1326 hae
426 1278 556 1343 quoque
579 1259 613 1324 in
636 1280 671 1328 re
699 1264 1049 1348 consentaneum-est‘
1073 1313 1208 1329 .....

135 1389 139 1398 '
165 1386 167 1391 ’
231 1381 298 1448 Sed
322 1359 450 1448 etiamn
472 1379 506 1444 iu
525 1380 631 1463 primo
654 1381 803 1448 omnium
827 1381 1014 1466 numenque
1029 1383 1204 1450 memoriae
1219 1389 1284 1448 tra-

147 1501 205 1568 diti
229 1509 303 1568 sunt
326 1499 486 1584 codicum,
509 1500 544 1566 in
558 1501 732 1586 Bembina
757 1507 861 1568 notas
883 1522 1095 1585 personarum
1118 1523 1193 1571 sese
1211 1502 1288 1571 exhi

143 1625 221 1693 bere
249 1641 336 1687 nunc
363 1621 600 1704 invenerimus,
630 1626 746 1704 postea
769 1626 882 1688 autem
905 1622 1037 1705 saepius
1059 1643 1116 1690 eas
1140 1630 1284 1690 exstare·

142 1751 253 1810 tamen
280 1744 345 1808 iam
375 1746 477 1806 restat
503 1740 620 1825 ingens
648 1740 731 1806 illud
760 1740 922 1825 temporis
951 1742 1092 1828 spatium
1124 1745 1166 1810 ab
1198 1763 1284 1811 sace.

142 1862 223 1928 vill
245 1882 348 1945 usque
371 1861 415 1926 ad
437 1859 637 1926 Bembinum.
661 1858 802 1938 Quando
827 1860 964 1928 tandem
985 1869 1136 1929 notarum
1158 1865 1279 1932 Teren-

142 1982 306 2049 rianarum
329 1980 488 2066 originem
511 1981 692 2065 ponemus?
728 1980 951 2067 Quamquam,
981 1982 1044 2056 hac
1065 1983 1203 2058 fortasse
1226 1984 1281 2052 ria

144 2101 307 2168 adfinem
329 2100 448 2167 bonum
471 2099 685 2185 accedemus,
709 2105 825 2170 saltem
847 2104 1192 2187 appropinquabimus.
1230 2103 1279 2170 Si-

142 2223 245 2288 lentio
268 2222 356 2288 enim
379 2221 421 2289 de
442 2221 529 2289 notis
554 2222 673 2288 nostris
696 2222 739 2287 ab
754 2223 964 2304 antiquorum
979 2231 1161 2308 temporum
1175 2244 1282 2309 gram·

143 2343 282 2424 maticis,
305 2343 362 2425 qni
385 2342 516 2425 quidem
540 2341 573 2404 in
597 2341 754 2408 dramate
767 2342 872 2408 latino
896 2349 928 2410 et
946 2343 980 2408 in
994 2343 1142 2409 Terentii
1157 2342 1279 2408 fabulis

145 2462 358 2529 emendandis
387 2438 486 2544 atque
515 2460 772 2544 interpretandis
805 2461 929 2529 versati
958 2469 1048 2545 sunt,
1077 2469 1206 2528 strenue
1229 2463 1284 2528 ob·

144 2587 275 2656 serrato
303 2601 412 2648 nonno
440 2580 510 2647 iure
539 2601 579 2647 ao
607 2582 739 2668 merito,
772 2601 813 2648 ne
845 2602 888 2649 ex
910 2588 1019 2648 aetate
1041 2581 1137 2648 nimis
1159 2588 1285 2649 remota

144 2722 202 2768 eas
216 2708 377 2786 petamus,
393 2701 582 2768 moremur?
609 2700 718 2778 Quid?
748 2701 839 2785 quod
857 2723 922 2768 neo
937 2701 971 2767 in
986 2702 1135 2769 Bembini
1152 2701 1284 2768 scholiis

145 2841 205 2887 neo
237 2822 328 2906 apud
355 2822 549 2890 Diomedem
582 2842 644 2890 neo
679 2821 770 2906 apud
806 2822 1008 2888 Euanthium
1042 2821 1113 2889 eius
1144 2821 1285 2888 instituti

144 2941 283 3027 vestigia
307 2942 514 3027 detegimus?
543 2941 654 3020 euin?
687 2942 777 3025 quod
800 2963 843 3009 ne
868 2942 1034 3008 aDonato
1058 2942 1191 3026 quidem
1214 2943 1283 3007 ulla
1338 2975 1357 3030 χ

143 3068 294 3130 notarum
315 3062 351 3128 fit
373 3063 518 3130 mentio?
539 3101 583 3111 -

230 3183 281 3248 Ne
310 3184 427 3267 longus
454 3185 531 3268 sim3
563 3184 655 3250 haud
678 3183 757 3250 licet
779 3182 931 3248 Bembini
951 3191 1101 3249 notarum
1123 3182 1282 3266 originem

144 3302 275 3368 Donato
298 3301 516 3386 antiquiorem
538 3324 669 3387 ponere,
693 3323 805 3387 neque
822 3303 942 3370 debent
957 3301 1064 3386 putari
1079 3302 1114 3368 in
1128 3286 1179 3384 iis,'
1196 3321 1280 3385 qnae

144 3423 274 3489 Donato
297 3429 427 3506 praesto
451 3430 554 3504 erant,
577 3422 828 3506 exemplaribus
848 3422 1020 3489 exstitisse.

232 3541 356 3619 Quibus
386 3542 427 3609 de
458 3543 564 3609 causis
591 3542 638 3607 ita
668 3563 736 3609 rem
759 3562 831 3609 sese
853 3541 1009 3609 babuisse
1032 3541 1121 3623 dico,
1144 3547 1180 3607 ut
1201 3540 1279 3608 illae

145 3668 244 3731 notae
267 3681 353 3728 saco.
380 3662 426 3728 IV
449 3663 503 3730 vel
525 3662 554 3728 V
576 3683 609 3747 p.
625 3660 698 3727 Chr.
720 3682 742 3727 a
763 3663 975 3746 grammatico
998 3662 1139 3745 quodam
1160 3682 1279 3728 novam

144 3782 291 3848 Terentii
314 3782 491 3849 editionem
514 3789 650 3851 curante
672 3783 728 3850 rel
754 3803 775 3848 a
796 3782 931 3849 librario
946 3783 1135 3849 Terentium
1157 3781 1278 3848 descri-

142 3903 241 3972 bente
275 3901 411 3969 fortasse
440 3902 525 3969 adeo
556 3904 697 3987 primum
725 3903 833 3987 ipsum
861 3903 896 3968 in
924 3903 1115 3970 Bembinum
1143 3901 1277 3967 induce-

145 4030 268 4108 rentur„
296 4023 384 4092 unde
406 4022 604 4107 procedente
626 4031 771 4108 tempore
793 4024 828 4088 in
851 4028 974 4090 ceteros
997 4041 1076 4105 quos
1099 4040 1197 4105 supra
1219 4041 1276 4087 no·

143 4141 266 4208 minari
289 4143 419 4212 codices
440 4143 647 4210 transierunt.

213 4296 247 4366 2¹¹)
266 4297 394 4354 Analect.
413 4297 540 4367 Euripid.
559 4315 587 4366 p.
606 4299 640 4353 38
657 4315 685 4357 v.
701 4300 760 4354 863.

599 4405 821 4419 -—--—
