3158 4814
810 228 849 293 18

264 419 384 482 „sonae
399 397 594 465 indicentur.
637 396 709 462 Iam
731 396 818 463 enim
835 401 973 481 apparet
988 415 1043 462 eas
1057 395 1101 460 ad
1116 414 1285 461 numerum
1307 384 1395 462 aeto-

266 539 354 599 ,rum
377 518 410 583 in
435 525 556 585 eertum
585 516 751 601 quendam
779 516 911 582 modum
933 514 1151 600 redigendum
1174 521 1207 582 et
1228 514 1395 582 redactum

265 638 447 724 ,pertinere
471 683 637 702 ......
661 637 768 720 Atque
790 635 963 703 manifesta
985 643 1060 702 sunt
1081 635 1158 700 talis
1180 635 1321 702 instituti
1343 655 1397 700 ve·

266 759 390 842 ,stigia
441 756 529 835 Quid
556 755 658 840 enim,
687 755 777 839 quod
804 755 838 821 in
867 754 1030 840 Adelphis
1059 756 1218 822 Parmeno
1243 754 1398 839 Ctesipho

264 877 391 962 „Hegio
418 898 477 961 per
506 875 645 944 eandem
674 896 804 961 semper
828 879 858 937 Γ
880 874 1009 956 literam
1036 874 1258 942 denotantur?
1308 873 1398 951 Quas

265 997 418 1081 ,quidem
440 1017 597 1081 personas
619 997 661 1062 ab
685 1016 749 1062 uno
772 1001 886 1062 autore
915 995 1038 1080 suscipi
1060 995 1205 1080 potuisse
1228 995 1263 1061 in
1285 1001 1396 1079 aperto

264 1124 344 1200 „est
391 1117 500 1200 Atque
522 1116 612 1182 idem
636 1115 726 1181 eadit
748 1115 783 1180 in
798 1116 951 1200 Hecyrae
967 1114 1165 1181 Philotidem
1176 1114 1302 1181 Sosiam
1316 1115 1395 1180 Bae·

267 1236 415 1317 „ebidem
438 1235 508 1323 (B),
535 1236 569 1300 in
585 1234 790 1302 Phormionis
804 1235 1046 1302 Nausistratam
1069 1241 1101 1301 et
1119 1235 1248 1302 Davom
1272 1233 1341 1324 (B),
1363 1233 1398 1298 in

265 1355 431 1438 „eiusdem
454 1329 586 1422 fabulas
611 1355 816 1422 Chremetem
839 1363 871 1422 et
893 1354 1072 1421 Dorionem
1095 1355 1152 1439 (hl,
1174 1354 1209 1421 in
1231 1354 1398 1420 Heauton·

265 1475 490 1558 ,timorumeni
519 1474 722 1542 Chremetem
758 1481 791 1540 et
815 1473 1012 1542 Dromonem
1043 1477 1106 1560 (A).
1156 1475 1267 1541 Habes
1298 1473 1400 1557 igitur

267 1594 429 1678 ,quinque
459 1597 611 1680 exempla
640 1595 851 1662 certissima.“
909 1596 1063 1662 Nostrum
1091 1602 1200 1662 autem
1223 1601 1293 1662 esto
1316 1594 1398 1660 haee
1510 1609 1511 1616 ¹

147 1705 149 1708 ⁵
265 1716 418 1798 exempla
439 1716 552 1799 paullo
583 1715 774 1798 diligentius
805 1715 1008 1783 examinare.
1053 1717 1157 1784 Aliter
1185 1714 1270 1782 enim
1294 1715 1335 1782 de
1358 1714 1399 1781 iis

264 1832 385 1918 sentio,
415 1842 514 1917 atque
541 1834 604 1900 hae
638 1855 767 1918 quoque
803 1836 977 1903 oooasione
1013 1836 1094 1920 quid
1123 1835 1269 1904 effeoerit
1292 1855 1398 1920 easus,

264 1953 343 2038 quid
371 1954 452 2021 ordo
481 1953 729 2039 alphabetieus,
759 1956 977 2040 experiemur.
1022 1956 1071 2022 Ae
1099 1955 1238 2040 primum
1266 1955 1399 2039 quidem

265 2081 429 2140 vertamus
450 2096 509 2141 nos
530 2074 575 2140 ad
597 2073 823 2158 Adelphorum
847 2075 889 2160 II,
914 2077 944 2143 1.
988 2075 1054 2142 Ubi
1076 2076 1235 2142 Parmeno
1257 2075 1353 2140 litera
1376 2078 1403 2137 Γ

272 2192 477 2278 describitur,
502 2194 580 2278 quia
601 2194 784 2262 Aesehinus
796 2175 829 2261 et
841 2194 963 2262 Sannio
986 2196 1052 2260 iam
1065 2200 1101 2259 A
1124 2202 1157 2261 et
1172 2201 1201 2259 Β
1223 2215 1397 2279 praecepe-

263 2322 355 2398 runt;
384 2315 514 2382 aeoedit
528 2315 628 2399 igitur
646 2316 830 2382 seeundum
846 2318 1002 2402 regulam,
1027 2335 1126 2399 quarn
1141 2315 1244 2400 posui,
1259 2318 1289 2376 Γ
1299 2313 1396 2382 tertia

263 2435 369 2501 litera.
414 2433 479 2501 Gur
501 2439 611 2502 autem
633 2435 667 2501 in
683 2435 831 2504 eiusdem
843 2443 940 2503 aetus
952 2457 1051 2504 seena
1074 2438 1179 2504 altera
1191 2435 1397 2520 Ctesiphonti

264 2572 394 2637 quoque
417 2553 607 2638 adiungitur
628 2559 675 2619 Pl
719 2557 848 2641 Nempe
872 2556 965 2641 quod
989 2555 1091 2640 Syrus
1112 2559 1145 2619 Α
1167 2562 1200 2623 et
1221 2555 1345 2622 Sannio
1367 2562 1398 2619 Β

264 2671 330 2764 iam
360 2680 437 2739 ante
460 2695 534 2740 eum
555 2673 747 2758 prodierunt
768 2676 802 2740 in
825 2696 967 2744 seenam.
1012 2681 1128 2763 Neque
1151 2679 1217 2745 iam
1238 2675 1398 2762 Hegionis

264 2795 293 2855 Γ
318 2791 520 2877 mirabimur,
559 2793 586 2860 si
621 2814 687 2883 quo
720 2794 857 2861 oonsilio
895 2794 1050 2864 librarius
1086 2805 1181 2864 notas
1213 2794 1400 2864 adhibuerit

266 2912 529 2996 speetaverimus.
575 2911 671 2990 Quod
705 2933 782 2980 vero
812 2913 908 2982 litera
937 2920 967 2978 Γ
990 2916 1041 2984 bis
1074 2936 1187 2983 servus
1214 2915 1315 2999 Geta,
1349 2913 1398 2979 bis

265 3032 369 3117 Syrus
396 3032 609 3117 significatur,
633 3032 790 3100 videlieet
804 3075 806 3080 -
819 3054 883 3100 non
905 3035 1032 3102 librarii
1059 3036 1194 3103 oonsilio
1223 3033 1398 3103 Steffenius

266 3152 322 3219 dat
350 3152 485 3237 eiusque
514 3153 690 3238 voluntati,
720 3154 780 3221 sed
806 3156 889 3222 tales
918 3157 1010 3222 loeos
1043 3155 1143 3223 habet
1176 3176 1233 3241 pro
1268 3173 1398 3240 eorrup-

265 3271 317 3338 tis.
347 3272 385 3338 In
410 3274 543 3357 Heoyra
565 3272 678 3339 fabula
699 3273 837 3341 Philotis
858 3273 954 3341 Sosia
968 3275 1108 3342 Baeehis
1129 3295 1195 3341 una
1218 3276 1398 3358 eademque

265 3397 296 3454 B
320 3398 394 3458 sunt
428 3396 571 3458 notatae.
625 3393 764 3460 Philotis
785 3393 820 3458 in
851 3392 979 3460 duabus
1007 3395 1144 3461 aetusI
1178 3394 1284 3461 soenis
1317 3391 1395 3476 agit,

265 3509 359 3577 Sosia
381 3509 548 3595 aliquanto
571 3513 745 3598 posterius,
770 3513 909 3579 Baeehis
930 3519 1024 3580 aetus
1045 3514 1074 3580 V
1096 3513 1188 3580 initio
1211 3513 1245 3578 in
1268 3530 1398 3597 prosee-

251 3630 355 3696 'nium
382 3631 487 3715 venit,
517 3633 574 3698 ubi
602 3652 706 3717 usque
736 3633 780 3700 ad
803 3633 928 3700 exitum
950 3639 1107 3701 versatur.
1157 3630 1262 3709 Quem
1284 3631 1399 3699 harum

265 3750 363 3816 trium
385 3751 527 3836 partium
550 3761 743 3819 oonoentum
775 3774 862 3820 nuno
885 3752 1042 3820 facillime
1064 3751 1188 3820 ratione
1212 3773 1252 3819 ae
1274 3752 1330 3818 via
1350 3752 1398 3816 in·
1427 3768 1431 3777 ·

265 3870 473 3954 tellegemus,
502 3890 564 3936 nee
587 3870 719 3938 omnino
750 3870 828 3938 inde
851 3893 934 3957 opus
956 3879 1006 3940 est
1028 3871 1184 3955 eolligere
1206 3871 1294 3956 quod
1316 3869 1399 3937 Stet-

267 3987 355 4054 lenio
383 3987 517 4072 plaeuit.
567 3988 637 4056 Etsi
667 3990 755 4057 enim
776 4010 883 4075 pauea
916 3991 1047 4059 obstant
1074 3991 1184 4057 adhue
1219 3991 1399 4076 obstaeula,

267 4113 377 4176 tamen
399 4129 477 4175 mox
500 4129 563 4194 quo
580 4111 719 4178 oonsilio
745 4112 863 4180 duetus
885 4112 998 4180 literas
1013 4113 1167 4179 librarius
1189 4111 1399 4195 distribuerit,

269 4230 371 4312 probe
406 4229 553 4314 liquebit.
605 4230 714 4309 Quid?
748 4233 837 4318 quod
865 4241 995 4318 praeter
1023 4233 1203 4299 Sostratam
1230 4233 1401 4301 mulierem
